{"_local_timestamp": "2026-01-25T23:40:29.627537+00:00", "data": [{"market": "0x22ac5f75af18fdb453497fbf7ac0606a09a6fd55b78b2d08aace6b946ad62038", "asset_id": "59259495934562596318644973716893809974860301509869285036503555129962149752635", "timestamp": "1769384429450", "hash": "5be292a33127c1d792c78b0b0af348202b4b2b4d", "bids": [{"price": "0.001", "size": "3641.69"}, {"price": "0.002", "size": "1250"}, {"price": "0.003", "size": "1406.75"}, {"price": "0.006", "size": "200"}, {"price": "0.007", "size": "15.91"}, {"price": "0.01", "size": "23"}, {"price": "0.011", "size": "21.36"}, {"price": "0.05", "size": "40"}, {"price": "0.09", "size": "400"}, {"price": "0.091", "size": "6.9"}, {"price": "0.14", "size": "242.85"}, {"price": "0.19", "size": "168.42"}, {"price": "0.2", "size": "5"}, {"price": "0.223", "size": "165"}, {"price": "0.23", "size": "121.73"}, {"price": "0.28", "size": "92.85"}, {"price": "0.33", "size": "72.72"}, {"price": "0.37", "size": "54.05"}, {"price": "0.5", "size": "22.72"}, {"price": "0.523", "size": "149"}, {"price": "0.53", "size": "900"}, {"price": "0.531", "size": "5"}, {"price": "0.62", "size": "25.2"}, {"price": "0.65", "size": "107.01"}, {"price": "0.723", "size": "89"}, {"price": "0.785", "size": "5"}, {"price": "0.823", "size": "189"}, {"price": "0.84", "size": "21.21"}, {"price": "0.911", "size": "47.14"}, {"price": "0.924", "size": "16.73"}, {"price": "0.925", "size": "108.9"}, {"price": "0.926", "size": "15.67"}, {"price": "0.93", "size": "254.35"}, {"price": "0.931", "size": "33"}], "asks": [{"price": "0.999", "size": "265.37"}, {"price": "0.998", "size": "72.76"}, {"price": "0.997", "size": "337.42"}, {"price": "0.996", "size": "26.43"}, {"price": "0.992", "size": "20.23"}, {"price": "0.991", "size": "133.06"}, {"price": "0.99", "size": "289.73"}, {"price": "0.986", "size": "11.53"}, {"price": "0.98", "size": "283"}, {"price": "0.977", "size": "6.31"}, {"price": "0.976", "size": "139.3"}, {"price": "0.975", "size": "23.03"}, {"price": "0.935", "size": "70"}], "event_type": "book", "last_trade_price": "0.931"}, {"market": "0x22ac5f75af18fdb453497fbf7ac0606a09a6fd55b78b2d08aace6b946ad62038", "asset_id": "97449340182256366014320155718265676486703217567849039806162053075113517266910", "timestamp": "1769384429450", "hash": "9f30f70ef01167abaf535c97c26f4c1421a55379", "bids": [{"price": "0.001", "size": "265.37"}, {"price": "0.002", "size": "72.76"}, {"price": "0.003", "size": "337.42"}, {"price": "0.004", "size": "26.43"}, {"price": "0.008", "size": "20.23"}, {"price": "0.009", "size": "133.06"}, {"price": "0.01", "size": "289.73"}, {"price": "0.014", "size": "11.53"}, {"price": "0.02", "size": "283"}, {"price": "0.023", "size": "6.31"}, {"price": "0.024", "size": "139.3"}, {"price": "0.025", "size": "23.03"}, {"price": "0.065", "size": "70"}], "asks": [{"price": "0.999", "size": "3641.69"}, {"price": "0.998", "size": "1250"}, {"price": "0.997", "size": "1406.75"}, {"price": "0.994", "size": "200"}, {"price": "0.993", "size": "15.91"}, {"price": "0.99", "size": "23"}, {"price": "0.989", "size": "21.36"}, {"price": "0.95", "size": "40"}, {"price": "0.91", "size": "400"}, {"price": "0.909", "size": "6.9"}, {"price": "0.86", "size": "242.85"}, {"price": "0.81", "size": "168.42"}, {"price": "0.8", "size": "5"}, {"price": "0.777", "size": "165"}, {"price": "0.77", "size": "121.73"}, {"price": "0.72", "size": "92.85"}, {"price": "0.67", "size": "72.72"}, {"price": "0.63", "size": "54.05"}, {"price": "0.5", "size": "22.72"}, {"price": "0.477", "size": "149"}, {"price": "0.47", "size": "900"}, {"price": "0.469", "size": "5"}, {"price": "0.38", "size": "25.2"}, {"price": "0.35", "size": "107.01"}, {"price": "0.277", "size": "89"}, {"price": "0.215", "size": "5"}, {"price": "0.177", "size": "189"}, {"price": "0.16", "size": "21.21"}, {"price": "0.089", "size": "47.14"}, {"price": "0.076", "size": "16.73"}, {"price": "0.075", "size": "108.9"}, {"price": "0.074", "size": "15.67"}, {"price": "0.07", "size": "254.35"}, {"price": "0.069", "size": "33"}], "event_type": "book", "last_trade_price": "0.931"}]}
{"_local_timestamp": "2026-01-25T23:40:29.698614+00:00", "data": {"market": "0x22ac5f75af18fdb453497fbf7ac0606a09a6fd55b78b2d08aace6b946ad62038", "price_changes": [{"asset_id": "59259495934562596318644973716893809974860301509869285036503555129962149752635", "price": "0.989", "size": "198.88", "side": "SELL", "hash": "86b329072a9ab5b9264c448d8314ca107343fe7d", "best_bid": "0.931", "best_ask": "0.935"}, {"asset_id": "97449340182256366014320155718265676486703217567849039806162053075113517266910", "price": "0.011", "size": "198.88", "side": "BUY", "hash": "fac56878408c4cf82731e5599daad61d7ceabd40", "best_bid": "0.065", "best_ask": "0.069"}], "timestamp": "1769384429630", "event_type": "price_change"}}
{"_local_timestamp": "2026-01-25T23:40:30.675223+00:00", "data": {"market": "0x22ac5f75af18fdb453497fbf7ac0606a09a6fd55b78b2d08aace6b946ad62038", "price_changes": [{"asset_id": "97449340182256366014320155718265676486703217567849039806162053075113517266910", "price": "0.004", "size": "20.66", "side": "BUY", "hash": "785c72043521a58b05106b13a9ebd0c1fc4eca92", "best_bid": "0.065", "best_ask": "0.069"}, {"asset_id": "59259495934562596318644973716893809974860301509869285036503555129962149752635", "price": "0.996", "size": "20.66", "side": "SELL", "hash": "61fd71f5b08186f601c15ab743678a9ff0c3b922", "best_bid": "0.931", "best_ask": "0.935"}], "timestamp": "1769384430602", "event_type": "price_change"}}
{"_local_timestamp": "2026-01-25T23:40:30.679591+00:00", "data": {"market": "0x22ac5f75af18fdb453497fbf7ac0606a09a6fd55b78b2d08aace6b946ad62038", "price_changes": [{"asset_id": "97449340182256366014320155718265676486703217567849039806162053075113517266910", "price": "0.01", "size": "284.45", "side": "BUY", "hash": "785c72043521a58b05106b13a9ebd0c1fc4eca92", "best_bid": "0.065", "best_ask": "0.069"}, {"asset_id": "59259495934562596318644973716893809974860301509869285036503555129962149752635", "price": "0.99", "size": "284.45", "side": "SELL", "hash": "61fd71f5b08186f601c15ab743678a9ff0c3b922", "best_bid": "0.931", "best_ask": "0.935"}], "timestamp": "1769384430602", "event_type": "price_change"}}
{"_local_timestamp": "2026-01-25T23:40:30.681694+00:00", "data": {"market": "0x22ac5f75af18fdb453497fbf7ac0606a09a6fd55b78b2d08aace6b946ad62038", "price_changes": [{"asset_id": "97449340182256366014320155718265676486703217567849039806162053075113517266910", "price": "0.014", "size": "5.76", "side": "BUY", "hash": "785c72043521a58b05106b13a9ebd0c1fc4eca92", "best_bid": "0.065", "best_ask": "0.069"}, {"asset_id": "59259495934562596318644973716893809974860301509869285036503555129962149752635", "price": "0.986", "size": "5.76", "side": "SELL", "hash": "61fd71f5b08186f601c15ab743678a9ff0c3b922", "best_bid": "0.931", "best_ask": "0.935"}], "timestamp": "1769384430602", "event_type": "price_change"}}
{"_local_timestamp": "2026-01-25T23:40:31.042758+00:00", "data": {"market": "0x22ac5f75af18fdb453497fbf7ac0606a09a6fd55b78b2d08aace6b946ad62038", "price_changes": [{"asset_id": "97449340182256366014320155718265676486703217567849039806162053075113517266910", "price": "0.012", "size": "6.52", "side": "BUY", "hash": "c8419c3ac8497bb53bb8f2596e2138b5229ad759", "best_bid": "0.065", "best_ask": "0.069"}, {"asset_id": "59259495934562596318644973716893809974860301509869285036503555129962149752635", "price": "0.988", "size": "6.52", "side": "SELL", "hash": "d5229cc22d950a85353932d686c1c48b21200411", "best_bid": "0.931", "best_ask": "0.935"}], "timestamp": "1769384430973", "event_type": "price_change"}}
{"_local_timestamp": "2026-01-25T23:40:31.046887+00:00", "data": {"market": "0x22ac5f75af18fdb453497fbf7ac0606a09a6fd55b78b2d08aace6b946ad62038", "price_changes": [{"asset_id": "97449340182256366014320155718265676486703217567849039806162053075113517266910", "price": "0.012", "size": "13.04", "side": "BUY", "hash": "27d30104d07b65215905b55ce4449ec423720104", "best_bid": "0.065", "best_ask": "0.069"}, {"asset_id": "59259495934562596318644973716893809974860301509869285036503555129962149752635", "price": "0.988", "size": "13.04", "side": "SELL", "hash": "892b3fad2b93ddc836ae1a9507a4aef935ec08d2", "best_bid": "0.931", "best_ask": "0.935"}], "timestamp": "1769384430974", "event_type": "price_change"}}
{"_local_timestamp": "2026-01-25T23:40:31.528246+00:00", "data": {"market": "0x22ac5f75af18fdb453497fbf7ac0606a09a6fd55b78b2d08aace6b946ad62038", "price_changes": [{"asset_id": "97449340182256366014320155718265676486703217567849039806162053075113517266910", "price": "0.014", "size": "0", "side": "BUY", "hash": "1504aef13eae0e041061cffa64ee0c5eba16b92a", "best_bid": "0.065", "best_ask": "0.069"}, {"asset_id": "59259495934562596318644973716893809974860301509869285036503555129962149752635", "price": "0.986", "size": "0", "side": "SELL", "hash": "a307c78f15319045027df374db2cb5d84d86e96f", "best_bid": "0.931", "best_ask": "0.935"}], "timestamp": "1769384431459", "event_type": "price_change"}}
{"_local_timestamp": "2026-01-25T23:40:31.546679+00:00", "data": {"market": "0x22ac5f75af18fdb453497fbf7ac0606a09a6fd55b78b2d08aace6b946ad62038", "price_changes": [{"asset_id": "59259495934562596318644973716893809974860301509869285036503555129962149752635", "price": "0.989", "size": "0", "side": "SELL", "hash": "465f9b898bd22c52e8bbc5e33e38b196976c7ff9", "best_bid": "0.931", "best_ask": "0.935"}, {"asset_id": "97449340182256366014320155718265676486703217567849039806162053075113517266910", "price": "0.011", "size": "0", "side": "BUY", "hash": "d1d9000979df3bb1ad84c9f602bfe81c53d8f093", "best_bid": "0.065", "best_ask": "0.069"}], "timestamp": "1769384431481", "event_type": "price_change"}}
{"_local_timestamp": "2026-01-25T23:40:31.791166+00:00", "data": {"market": "0x22ac5f75af18fdb453497fbf7ac0606a09a6fd55b78b2d08aace6b946ad62038", "price_changes": [{"asset_id": "59259495934562596318644973716893809974860301509869285036503555129962149752635", "price": "0.987", "size": "198.88", "side": "SELL", "hash": "b6f8eea4c2efc5856ca5580dc4d2ce7a03339cb6", "best_bid": "0.931", "best_ask": "0.935"}, {"asset_id": "97449340182256366014320155718265676486703217567849039806162053075113517266910", "price": "0.013", "size": "198.88", "side": "BUY", "hash": "a5c003fc09d328c3c1bdb1b03095f710af6668e7", "best_bid": "0.065", "best_ask": "0.069"}], "timestamp": "1769384431699", "event_type": "price_change"}}
{"_local_timestamp": "2026-01-25T23:40:31.820527+00:00", "data": {"market": "0x22ac5f75af18fdb453497fbf7ac0606a09a6fd55b78b2d08aace6b946ad62038", "price_changes": [{"asset_id": "97449340182256366014320155718265676486703217567849039806162053075113517266910", "price": "0.009", "size": "142.04", "side": "BUY", "hash": "99c31ae0cec28c9632ae04f80d9cb04c5441d1a7", "best_bid": "0.065", "best_ask": "0.069"}, {"asset_id": "59259495934562596318644973716893809974860301509869285036503555129962149752635", "price": "0.991", "size": "142.04", "side": "SELL", "hash": "917889bacecf3cc834292d633edb443c9d1309a9", "best_bid": "0.931", "best_ask": "0.935"}], "timestamp": "1769384431741", "event_type": "price_change"}}
{"_local_timestamp": "2026-01-25T23:40:32.934671+00:00", "data": {"market": "0x22ac5f75af18fdb453497fbf7ac0606a09a6fd55b78b2d08aace6b946ad62038", "price_changes": [{"asset_id": "97449340182256366014320155718265676486703217567849039806162053075113517266910", "price": "0.009", "size": "133.06", "side": "BUY", "hash": "dcbcd68f397a15abf4f6857c2b443b70bd4a4e82", "best_bid": "0.065", "best_ask": "0.069"}, {"asset_id": "59259495934562596318644973716893809974860301509869285036503555129962149752635", "price": "0.991", "size": "133.06", "side": "SELL", "hash": "8524ccd64d1d6051c6afd324d0907d7fe8c8b92f", "best_bid": "0.931", "best_ask": "0.935"}], "timestamp": "1769384432865", "event_type": "price_change"}}
{"_local_timestamp": "2026-01-25T23:40:32.937098+00:00", "data": {"market": "0x22ac5f75af18fdb453497fbf7ac0606a09a6fd55b78b2d08aace6b946ad62038", "price_changes": [{"asset_id": "97449340182256366014320155718265676486703217567849039806162053075113517266910", "price": "0.012", "size": "6.52", "side": "BUY", "hash": "dcbcd68f397a15abf4f6857c2b443b70bd4a4e82", "best_bid": "0.065", "best_ask": "0.069"}, {"asset_id": "59259495934562596318644973716893809974860301509869285036503555129962149752635", "price": "0.988", "size": "6.52", "side": "SELL", "hash": "8524ccd64d1d6051c6afd324d0907d7fe8c8b92f", "best_bid": "0.931", "best_ask": "0.935"}], "timestamp": "1769384432865", "event_type": "price_change"}}
{"_local_timestamp": "2026-01-25T23:40:33.224456+00:00", "data": {"market": "0x22ac5f75af18fdb453497fbf7ac0606a09a6fd55b78b2d08aace6b946ad62038", "price_changes": [{"asset_id": "97449340182256366014320155718265676486703217567849039806162053075113517266910", "price": "0.014", "size": "5.68", "side": "BUY", "hash": "bbcac124698279d0fd2f171297397b8f401670aa", "best_bid": "0.065", "best_ask": "0.069"}, {"asset_id": "59259495934562596318644973716893809974860301509869285036503555129962149752635", "price": "0.986", "size": "5.68", "side": "SELL", "hash": "cac51b533709d89087eea91a2688b3550cc48a52", "best_bid": "0.931", "best_ask": "0.935"}], "timestamp": "1769384433145", "event_type": "price_change"}}
{"_local_timestamp": "2026-01-25T23:40:33.226823+00:00", "data": {"market": "0x22ac5f75af18fdb453497fbf7ac0606a09a6fd55b78b2d08aace6b946ad62038", "price_changes": [{"asset_id": "97449340182256366014320155718265676486703217567849039806162053075113517266910", "price": "0.014", "size": "11.36", "side": "BUY", "hash": "e0c11349aab5a10497c58e8c1a9778e8d027fc14", "best_bid": "0.065", "best_ask": "0.069"}, {"asset_id": "59259495934562596318644973716893809974860301509869285036503555129962149752635", "price": "0.986", "size": "11.36", "side": "SELL", "hash": "ae5862b017aead033434cdadcf420a697128fdad", "best_bid": "0.931", "best_ask": "0.935"}], "timestamp": "1769384433146", "event_type": "price_change"}}
{"_local_timestamp": "2026-01-25T23:40:33.838590+00:00", "data": {"market": "0x22ac5f75af18fdb453497fbf7ac0606a09a6fd55b78b2d08aace6b946ad62038", "price_changes": [{"asset_id": "97449340182256366014320155718265676486703217567849039806162053075113517266910", "price": "0.012", "size": "0", "side": "BUY", "hash": "a00073140ef23c5f5f64b1992f80093867e3022f", "best_bid": "0.065", "best_ask": "0.069"}, {"asset_id": "59259495934562596318644973716893809974860301509869285036503555129962149752635", "price": "0.988", "size": "0", "side": "SELL", "hash": "0e2652887d0a2c69c03e6512a436d54294f96580", "best_bid": "0.931", "best_ask": "0.935"}], "timestamp": "1769384433771", "event_type": "price_change"}}
{"_local_timestamp": "2026-01-25T23:40:34.174063+00:00", "data": {"market": "0x22ac5f75af18fdb453497fbf7ac0606a09a6fd55b78b2d08aace6b946ad62038", "price_changes": [{"asset_id": "97449340182256366014320155718265676486703217567849039806162053075113517266910", "price": "0.01", "size": "292.28", "side": "BUY", "hash": "bea66e2e737444a95c348140326bdb8e8a55fca1", "best_bid": "0.065", "best_ask": "0.069"}, {"asset_id": "59259495934562596318644973716893809974860301509869285036503555129962149752635", "price": "0.99", "size": "292.28", "side": "SELL", "hash": "ed7339a2ad9b979d936001d5977bf5f505c5e9fd", "best_bid": "0.931", "best_ask": "0.935"}], "timestamp": "1769384434103", "event_type": "price_change"}}
{"_local_timestamp": "2026-01-25T23:40:34.350537+00:00", "data": {"market": "0x22ac5f75af18fdb453497fbf7ac0606a09a6fd55b78b2d08aace6b946ad62038", "price_changes": [{"asset_id": "59259495934562596318644973716893809974860301509869285036503555129962149752635", "price": "0.987", "size": "0", "side": "SELL", "hash": "3efdf66d0c7e55aedffd4d85f6948fc9b440bb96", "best_bid": "0.931", "best_ask": "0.935"}, {"asset_id": "97449340182256366014320155718265676486703217567849039806162053075113517266910", "price": "0.013", "size": "0", "side": "BUY", "hash": "c4d533c95430afb7118fbc9828b8f6294a01d371", "best_bid": "0.065", "best_ask": "0.069"}], "timestamp": "1769384434278", "event_type": "price_change"}}
{"_local_timestamp": "2026-01-25T23:40:34.549862+00:00", "data": {"market": "0x22ac5f75af18fdb453497fbf7ac0606a09a6fd55b78b2d08aace6b946ad62038", "price_changes": [{"asset_id": "59259495934562596318644973716893809974860301509869285036503555129962149752635", "price": "0.989", "size": "198.88", "side": "SELL", "hash": "7a5d1bca47e826be898f47bf9bc98bfe0816654e", "best_bid": "0.931", "best_ask": "0.935"}, {"asset_id": "97449340182256366014320155718265676486703217567849039806162053075113517266910", "price": "0.011", "size": "198.88", "side": "BUY", "hash": "1373197d85200bf8d92cd8887260518c993aa730", "best_bid": "0.065", "best_ask": "0.069"}], "timestamp": "1769384434477", "event_type": "price_change"}}
{"_local_timestamp": "2026-01-25T23:40:35.180077+00:00", "data": {"market": "0x22ac5f75af18fdb453497fbf7ac0606a09a6fd55b78b2d08aace6b946ad62038", "price_changes": [{"asset_id": "59259495934562596318644973716893809974860301509869285036503555129962149752635", "price": "0.785", "size": "0", "side": "BUY", "hash": "f9639ed9bf3820ffa908d8176ed4e2537b95736c", "best_bid": "0.931", "best_ask": "0.935"}, {"asset_id": "97449340182256366014320155718265676486703217567849039806162053075113517266910", "price": "0.215", "size": "0", "side": "SELL", "hash": "eca3491bb7fd69548f29ccec39cf4a78a224d734", "best_bid": "0.065", "best_ask": "0.069"}], "timestamp": "1769384435106", "event_type": "price_change"}}
{"_local_timestamp": "2026-01-25T23:40:35.460067+00:00", "data": {"market": "0x22ac5f75af18fdb453497fbf7ac0606a09a6fd55b78b2d08aace6b946ad62038", "price_changes": [{"asset_id": "59259495934562596318644973716893809974860301509869285036503555129962149752635", "price": "0.785", "size": "5", "side": "BUY", "hash": "85de2758e6dcbb491703a8dedcc8579b4cb31969", "best_bid": "0.931", "best_ask": "0.935"}, {"asset_id": "97449340182256366014320155718265676486703217567849039806162053075113517266910", "price": "0.215", "size": "5", "side": "SELL", "hash": "bc011f1a39a2475918d664b266acd4146c198c04", "best_bid": "0.065", "best_ask": "0.069"}], "timestamp": "1769384435391", "event_type": "price_change"}}
{"_local_timestamp": "2026-01-25T23:40:35.685218+00:00", "data": {"market": "0x22ac5f75af18fdb453497fbf7ac0606a09a6fd55b78b2d08aace6b946ad62038", "price_changes": [{"asset_id": "97449340182256366014320155718265676486703217567849039806162053075113517266910", "price": "0.01", "size": "284.45", "side": "BUY", "hash": "c87f433cb7059ee08011eb674e6b365cc9902e22", "best_bid": "0.065", "best_ask": "0.069"}, {"asset_id": "59259495934562596318644973716893809974860301509869285036503555129962149752635", "price": "0.99", "size": "284.45", "side": "SELL", "hash": "93448e3cd99a0a46afc72255d9efd4d166649359", "best_bid": "0.931", "best_ask": "0.935"}], "timestamp": "1769384435551", "event_type": "price_change"}}
{"_local_timestamp": "2026-01-25T23:40:35.687557+00:00", "data": {"market": "0x22ac5f75af18fdb453497fbf7ac0606a09a6fd55b78b2d08aace6b946ad62038", "price_changes": [{"asset_id": "97449340182256366014320155718265676486703217567849039806162053075113517266910", "price": "0.014", "size": "5.68", "side": "BUY", "hash": "c87f433cb7059ee08011eb674e6b365cc9902e22", "best_bid": "0.065", "best_ask": "0.069"}, {"asset_id": "59259495934562596318644973716893809974860301509869285036503555129962149752635", "price": "0.986", "size": "5.68", "side": "SELL", "hash": "93448e3cd99a0a46afc72255d9efd4d166649359", "best_bid": "0.931", "best_ask": "0.935"}], "timestamp": "1769384435551", "event_type": "price_change"}}
{"_local_timestamp": "2026-01-25T23:40:35.999221+00:00", "data": {"market": "0x22ac5f75af18fdb453497fbf7ac0606a09a6fd55b78b2d08aace6b946ad62038", "price_changes": [{"asset_id": "97449340182256366014320155718265676486703217567849039806162053075113517266910", "price": "0.012", "size": "6.57", "side": "BUY", "hash": "4134307c913ce356778ebabc4f2d98e783f616d4", "best_bid": "0.065", "best_ask": "0.069"}, {"asset_id": "59259495934562596318644973716893809974860301509869285036503555129962149752635", "price": "0.988", "size": "6.57", "side": "SELL", "hash": "84ffb1a42146f76424286539f026e310042e4588", "best_bid": "0.931", "best_ask": "0.935"}], "timestamp": "1769384435923", "event_type": "price_change"}}
{"_local_timestamp": "2026-01-25T23:40:36.004627+00:00", "data": {"market": "0x22ac5f75af18fdb453497fbf7ac0606a09a6fd55b78b2d08aace6b946ad62038", "price_changes": [{"asset_id": "97449340182256366014320155718265676486703217567849039806162053075113517266910", "price": "0.012", "size": "13.14", "side": "BUY", "hash": "cc375d378b43e694dd8d19100ac7d117451349c0", "best_bid": "0.065", "best_ask": "0.069"}, {"asset_id": "59259495934562596318644973716893809974860301509869285036503555129962149752635", "price": "0.988", "size": "13.14", "side": "SELL", "hash": "af0424088fc07c0de91ad4bbaab5516fddd7dd6f", "best_bid": "0.931", "best_ask": "0.935"}], "timestamp": "1769384435924", "event_type": "price_change"}}
{"_local_timestamp": "2026-01-25T23:40:36.358906+00:00", "data": {"market": "0x22ac5f75af18fdb453497fbf7ac0606a09a6fd55b78b2d08aace6b946ad62038", "price_changes": [{"asset_id": "59259495934562596318644973716893809974860301509869285036503555129962149752635", "price": "0.989", "size": "0", "side": "SELL", "hash": "2d5dbe55e03789a93aff28e412ef9e576dd261df", "best_bid": "0.931", "best_ask": "0.935"}, {"asset_id": "97449340182256366014320155718265676486703217567849039806162053075113517266910", "price": "0.011", "size": "0", "side": "BUY", "hash": "fab6d9e6692414a4b60391b9d6bd7b3bd961db20", "best_bid": "0.065", "best_ask": "0.069"}], "timestamp": "1769384436282", "event_type": "price_change"}}
{"_local_timestamp": "2026-01-25T23:40:36.522124+00:00", "data": {"market": "0x22ac5f75af18fdb453497fbf7ac0606a09a6fd55b78b2d08aace6b946ad62038", "price_changes": [{"asset_id": "97449340182256366014320155718265676486703217567849039806162053075113517266910", "price": "0.014", "size": "0", "side": "BUY", "hash": "25eb47d7cb76f55ba75c021eb59ee0d7dc653a18", "best_bid": "0.065", "best_ask": "0.069"}, {"asset_id": "59259495934562596318644973716893809974860301509869285036503555129962149752635", "price": "0.986", "size": "0", "side": "SELL", "hash": "f8286f1ffdf78687fab07c70440e7327b49d2a1b", "best_bid": "0.931", "best_ask": "0.935"}], "timestamp": "1769384436446", "event_type": "price_change"}}
{"_local_timestamp": "2026-01-25T23:40:36.609873+00:00", "data": {"market": "0x22ac5f75af18fdb453497fbf7ac0606a09a6fd55b78b2d08aace6b946ad62038", "price_changes": [{"asset_id": "59259495934562596318644973716893809974860301509869285036503555129962149752635", "price": "0.987", "size": "198.88", "side": "SELL", "hash": "bebb25aeaf1119c43bffa39fc12a2603e40813f6", "best_bid": "0.931", "best_ask": "0.935"}, {"asset_id": "97449340182256366014320155718265676486703217567849039806162053075113517266910", "price": "0.013", "size": "198.88", "side": "BUY", "hash": "4934a5c4014e3ef9d3347eb52a6562d0da3900cb", "best_bid": "0.065", "best_ask": "0.069"}], "timestamp": "1769384436538", "event_type": "price_change"}}
{"_local_timestamp": "2026-01-25T23:40:36.915884+00:00", "data": {"market": "0x22ac5f75af18fdb453497fbf7ac0606a09a6fd55b78b2d08aace6b946ad62038", "price_changes": [{"asset_id": "97449340182256366014320155718265676486703217567849039806162053075113517266910", "price": "0.011", "size": "7.24", "side": "BUY", "hash": "70c8a9df1910144f4ff6b2b9431453a44b8708de", "best_bid": "0.065", "best_ask": "0.069"}, {"asset_id": "59259495934562596318644973716893809974860301509869285036503555129962149752635", "price": "0.989", "size": "7.24", "side": "SELL", "hash": "476b3ec65d04a8b3514768204622813a4406baff", "best_bid": "0.931", "best_ask": "0.935"}], "timestamp": "1769384436844", "event_type": "price_change"}}
{"_local_timestamp": "2026-01-25T23:40:38.595487+00:00", "data": {"market": "0x22ac5f75af18fdb453497fbf7ac0606a09a6fd55b78b2d08aace6b946ad62038", "price_changes": [{"asset_id": "97449340182256366014320155718265676486703217567849039806162053075113517266910", "price": "0.011", "size": "0", "side": "BUY", "hash": "54eb4bdc5b9c73c09ef0de221b7b544228fc6b87", "best_bid": "0.065", "best_ask": "0.069"}, {"asset_id": "59259495934562596318644973716893809974860301509869285036503555129962149752635", "price": "0.989", "size": "0", "side": "SELL", "hash": "8988b2d3f6624b498b411855aa4069ae14a65795", "best_bid": "0.931", "best_ask": "0.935"}], "timestamp": "1769384438468", "event_type": "price_change"}}
{"_local_timestamp": "2026-01-25T23:40:38.597845+00:00", "data": {"market": "0x22ac5f75af18fdb453497fbf7ac0606a09a6fd55b78b2d08aace6b946ad62038", "price_changes": [{"asset_id": "97449340182256366014320155718265676486703217567849039806162053075113517266910", "price": "0.012", "size": "6.57", "side": "BUY", "hash": "54eb4bdc5b9c73c09ef0de221b7b544228fc6b87", "best_bid": "0.065", "best_ask": "0.069"}, {"asset_id": "59259495934562596318644973716893809974860301509869285036503555129962149752635", "price": "0.988", "size": "6.57", "side": "SELL", "hash": "8988b2d3f6624b498b411855aa4069ae14a65795", "best_bid": "0.931", "best_ask": "0.935"}], "timestamp": "1769384438468", "event_type": "price_change"}}
{"_local_timestamp": "2026-01-25T23:40:38.912324+00:00", "data": {"market": "0x22ac5f75af18fdb453497fbf7ac0606a09a6fd55b78b2d08aace6b946ad62038", "price_changes": [{"asset_id": "97449340182256366014320155718265676486703217567849039806162053075113517266910", "price": "0.014", "size": "5.66", "side": "BUY", "hash": "068d1a4a03c5992b4451186bf37bb21e7af531ce", "best_bid": "0.065", "best_ask": "0.069"}, {"asset_id": "59259495934562596318644973716893809974860301509869285036503555129962149752635", "price": "0.986", "size": "5.66", "side": "SELL", "hash": "0ca1ab5a869febaaaa1660c0bbc025fff9fefbb0", "best_bid": "0.931", "best_ask": "0.935"}], "timestamp": "1769384438832", "event_type": "price_change"}}
{"_local_timestamp": "2026-01-25T23:40:38.921486+00:00", "data": {"market": "0x22ac5f75af18fdb453497fbf7ac0606a09a6fd55b78b2d08aace6b946ad62038", "price_changes": [{"asset_id": "97449340182256366014320155718265676486703217567849039806162053075113517266910", "price": "0.014", "size": "11.32", "side": "BUY", "hash": "c9c89177d317b119b0ddf190650f4431a99fd17f", "best_bid": "0.065", "best_ask": "0.069"}, {"asset_id": "59259495934562596318644973716893809974860301509869285036503555129962149752635", "price": "0.986", "size": "11.32", "side": "SELL", "hash": "dff6121f3262fa477f1ac4fb379bc3e3dc07a543", "best_bid": "0.931", "best_ask": "0.935"}], "timestamp": "1769384438835", "event_type": "price_change"}}
{"_local_timestamp": "2026-01-25T23:40:39.454783+00:00", "data": {"market": "0x22ac5f75af18fdb453497fbf7ac0606a09a6fd55b78b2d08aace6b946ad62038", "price_changes": [{"asset_id": "97449340182256366014320155718265676486703217567849039806162053075113517266910", "price": "0.012", "size": "0", "side": "BUY", "hash": "1d23b7eccf2cac0a73ee66d0408b0dea9cec28e9", "best_bid": "0.065", "best_ask": "0.069"}, {"asset_id": "59259495934562596318644973716893809974860301509869285036503555129962149752635", "price": "0.988", "size": "0", "side": "SELL", "hash": "1768d3e35b8e32bd8c9ed375aa2b93332f4f32ee", "best_bid": "0.931", "best_ask": "0.935"}], "timestamp": "1769384439382", "event_type": "price_change"}}
{"_local_timestamp": "2026-01-25T23:40:39.738048+00:00", "data": {"market": "0x22ac5f75af18fdb453497fbf7ac0606a09a6fd55b78b2d08aace6b946ad62038", "price_changes": [{"asset_id": "97449340182256366014320155718265676486703217567849039806162053075113517266910", "price": "0.01", "size": "292.33", "side": "BUY", "hash": "9a433b7291a53929226c898cfc00d644727cdef3", "best_bid": "0.065", "best_ask": "0.069"}, {"asset_id": "59259495934562596318644973716893809974860301509869285036503555129962149752635", "price": "0.99", "size": "292.33", "side": "SELL", "hash": "21133888b815d580c07c3086594b51b199acc224", "best_bid": "0.931", "best_ask": "0.935"}], "timestamp": "1769384439664", "event_type": "price_change"}}
{"_local_timestamp": "2026-01-25T23:40:40.050221+00:00", "data": {"market": "0x22ac5f75af18fdb453497fbf7ac0606a09a6fd55b78b2d08aace6b946ad62038", "price_changes": [{"asset_id": "59259495934562596318644973716893809974860301509869285036503555129962149752635", "price": "0.987", "size": "0", "side": "SELL", "hash": "38ff46f547837598dfab019ec70eb9c9f02f026f", "best_bid": "0.931", "best_ask": "0.935"}, {"asset_id": "97449340182256366014320155718265676486703217567849039806162053075113517266910", "price": "0.013", "size": "0", "side": "BUY", "hash": "9c28d84c228e6efff042278b4e042a044c076878", "best_bid": "0.065", "best_ask": "0.069"}], "timestamp": "1769384439968", "event_type": "price_change"}}
{"_local_timestamp": "2026-01-25T23:40:40.330798+00:00", "data": {"market": "0x22ac5f75af18fdb453497fbf7ac0606a09a6fd55b78b2d08aace6b946ad62038", "price_changes": [{"asset_id": "59259495934562596318644973716893809974860301509869285036503555129962149752635", "price": "0.989", "size": "198.88", "side": "SELL", "hash": "868fdbabed86277ba7802c63c3eb2641df0fe4ca", "best_bid": "0.931", "best_ask": "0.935"}, {"asset_id": "97449340182256366014320155718265676486703217567849039806162053075113517266910", "price": "0.011", "size": "198.88", "side": "BUY", "hash": "dbe0a3eeba8d7be9b287ffa9a6e15693898a1892", "best_bid": "0.065", "best_ask": "0.069"}], "timestamp": "1769384440230", "event_type": "price_change"}}
{"_local_timestamp": "2026-01-25T23:40:40.854963+00:00", "data": {"market": "0x22ac5f75af18fdb453497fbf7ac0606a09a6fd55b78b2d08aace6b946ad62038", "price_changes": [{"asset_id": "97449340182256366014320155718265676486703217567849039806162053075113517266910", "price": "0.01", "size": "284.45", "side": "BUY", "hash": "47816f5f11817d49ea35f55fc74da1e8c501016b", "best_bid": "0.065", "best_ask": "0.069"}, {"asset_id": "59259495934562596318644973716893809974860301509869285036503555129962149752635", "price": "0.99", "size": "284.45", "side": "SELL", "hash": "e2e876f2290c435c6e05b5e60b92e80a616a47de", "best_bid": "0.931", "best_ask": "0.935"}], "timestamp": "1769384440670", "event_type": "price_change"}}
{"_local_timestamp": "2026-01-25T23:40:40.859271+00:00", "data": {"market": "0x22ac5f75af18fdb453497fbf7ac0606a09a6fd55b78b2d08aace6b946ad62038", "price_changes": [{"asset_id": "97449340182256366014320155718265676486703217567849039806162053075113517266910", "price": "0.014", "size": "5.66", "side": "BUY", "hash": "47816f5f11817d49ea35f55fc74da1e8c501016b", "best_bid": "0.065", "best_ask": "0.069"}, {"asset_id": "59259495934562596318644973716893809974860301509869285036503555129962149752635", "price": "0.986", "size": "5.66", "side": "SELL", "hash": "e2e876f2290c435c6e05b5e60b92e80a616a47de", "best_bid": "0.931", "best_ask": "0.935"}], "timestamp": "1769384440670", "event_type": "price_change"}}
{"_local_timestamp": "2026-01-25T23:40:41.211929+00:00", "data": {"market": "0x22ac5f75af18fdb453497fbf7ac0606a09a6fd55b78b2d08aace6b946ad62038", "price_changes": [{"asset_id": "97449340182256366014320155718265676486703217567849039806162053075113517266910", "price": "0.009", "size": "138.09", "side": "BUY", "hash": "1ce3c77078a0a2e79d6a8c657e4a115911bde9c8", "best_bid": "0.065", "best_ask": "0.069"}, {"asset_id": "59259495934562596318644973716893809974860301509869285036503555129962149752635", "price": "0.991", "size": "138.09", "side": "SELL", "hash": "628808527419dfed90d2831a15b1380afa799ff0", "best_bid": "0.931", "best_ask": "0.935"}], "timestamp": "1769384441121", "event_type": "price_change"}}
{"_local_timestamp": "2026-01-25T23:40:41.215612+00:00", "data": {"market": "0x22ac5f75af18fdb453497fbf7ac0606a09a6fd55b78b2d08aace6b946ad62038", "price_changes": [{"asset_id": "97449340182256366014320155718265676486703217567849039806162053075113517266910", "price": "0.012", "size": "9.39", "side": "BUY", "hash": "0ff74ba6c829b84cb6780168a145f86bd862e31d", "best_bid": "0.065", "best_ask": "0.069"}, {"asset_id": "59259495934562596318644973716893809974860301509869285036503555129962149752635", "price": "0.988", "size": "9.39", "side": "SELL", "hash": "59c40eafa25c9ec9b7f594bce7def63cf00487b7", "best_bid": "0.931", "best_ask": "0.935"}], "timestamp": "1769384441122", "event_type": "price_change"}}
