{"_local_timestamp": "2026-01-25T23:40:30.224659+00:00", "data": [{"market": "0xd9fb1184af0064e5e34b129f5b79afa5a17b7e32f2953ab05efed82315fee6d4", "asset_id": "94559586571241563470235664821564670251180951772614764383113614156422396181162", "timestamp": "1769384417005", "hash": "5fdec0802fc0c7c93d0fa1ec1d561904fe2f812b", "bids": [{"price": "0.01", "size": "1716565.57"}, {"price": "0.02", "size": "127149.14"}, {"price": "0.03", "size": "15000"}, {"price": "0.04", "size": "42828.52"}, {"price": "0.05", "size": "3776.21"}, {"price": "0.06", "size": "21228.72"}, {"price": "0.07", "size": "13652.7"}, {"price": "0.08", "size": "24515.82"}, {"price": "0.09", "size": "409967.07"}, {"price": "0.1", "size": "171398.07"}, {"price": "0.11", "size": "191345.2"}, {"price": "0.12", "size": "106579.36"}], "asks": [{"price": "0.99", "size": "43508.28"}, {"price": "0.98", "size": "59636"}, {"price": "0.97", "size": "27007.5"}, {"price": "0.96", "size": "1792.47"}, {"price": "0.95", "size": "13110"}, {"price": "0.94", "size": "633"}, {"price": "0.93", "size": "10000"}, {"price": "0.92", "size": "384"}, {"price": "0.91", "size": "11100"}, {"price": "0.9", "size": "610"}, {"price": "0.89", "size": "10365.44"}, {"price": "0.87", "size": "10261.53"}, {"price": "0.85", "size": "15621.42"}, {"price": "0.84", "size": "160"}, {"price": "0.83", "size": "10500"}, {"price": "0.82", "size": "177.77"}, {"price": "0.81", "size": "12707.13"}, {"price": "0.79", "size": "10000"}, {"price": "0.78", "size": "953.27"}, {"price": "0.77", "size": "10000"}, {"price": "0.75", "size": "11257.14"}, {"price": "0.74", "size": "75"}, {"price": "0.73", "size": "10096.29"}, {"price": "0.72", "size": "1498"}, {"price": "0.71", "size": "10150"}, {"price": "0.7", "size": "769.23"}, {"price": "0.69", "size": "10077.41"}, {"price": "0.68", "size": "4988.61"}, {"price": "0.67", "size": "10050"}, {"price": "0.65", "size": "10050"}, {"price": "0.64", "size": "55.55"}, {"price": "0.63", "size": "10238.22"}, {"price": "0.61", "size": "10104"}, {"price": "0.6", "size": "953.38"}, {"price": "0.59", "size": "10000"}, {"price": "0.57", "size": "10035.71"}, {"price": "0.56", "size": "20"}, {"price": "0.55", "size": "10000"}, {"price": "0.54", "size": "3330.63"}, {"price": "0.53", "size": "10000"}, {"price": "0.51", "size": "10000"}, {"price": "0.5", "size": "415.15"}, {"price": "0.49", "size": "10000"}, {"price": "0.47", "size": "10030"}, {"price": "0.46", "size": "423.5"}, {"price": "0.45", "size": "11095.88"}, {"price": "0.43", "size": "54877.81"}, {"price": "0.41", "size": "10000"}, {"price": "0.4", "size": "1481.69"}, {"price": "0.39", "size": "10082"}, {"price": "0.38", "size": "598"}, {"price": "0.37", "size": "10000"}, {"price": "0.36", "size": "715.13"}, {"price": "0.35", "size": "203.38"}, {"price": "0.34", "size": "45"}, {"price": "0.33", "size": "2000"}, {"price": "0.3", "size": "6344.23"}, {"price": "0.29", "size": "150"}, {"price": "0.28", "size": "1150.89"}, {"price": "0.27", "size": "72.09"}, {"price": "0.26", "size": "109"}, {"price": "0.25", "size": "2515.54"}, {"price": "0.24", "size": "382.14"}, {"price": "0.23", "size": "3527.02"}, {"price": "0.22", "size": "215"}, {"price": "0.21", "size": "116.45"}, {"price": "0.2", "size": "8621.22"}, {"price": "0.19", "size": "3145.71"}, {"price": "0.18", "size": "2402.9"}, {"price": "0.17", "size": "14454.84"}, {"price": "0.16", "size": "16678.98"}, {"price": "0.15", "size": "14589.27"}, {"price": "0.14", "size": "90520.25"}, {"price": "0.13", "size": "3204.56"}], "event_type": "book", "last_trade_price": "0.130"}, {"market": "0xd9fb1184af0064e5e34b129f5b79afa5a17b7e32f2953ab05efed82315fee6d4", "asset_id": "90772332434487149264114862115632028379978765245278600275169585501290867536237", "timestamp": "1769384417005", "hash": "0a3d1487b7ef69ea4bcb2b2b209abe33471b4988", "bids": [{"price": "0.01", "size": "43508.28"}, {"price": "0.02", "size": "59636"}, {"price": "0.03", "size": "27007.5"}, {"price": "0.04", "size": "1792.47"}, {"price": "0.05", "size": "13110"}, {"price": "0.06", "size": "633"}, {"price": "0.07", "size": "10000"}, {"price": "0.08", "size": "384"}, {"price": "0.09", "size": "11100"}, {"price": "0.1", "size": "610"}, {"price": "0.11", "size": "10365.44"}, {"price": "0.13", "size": "10261.53"}, {"price": "0.15", "size": "15621.42"}, {"price": "0.16", "size": "160"}, {"price": "0.17", "size": "10500"}, {"price": "0.18", "size": "177.77"}, {"price": "0.19", "size": "12707.13"}, {"price": "0.21", "size": "10000"}, {"price": "0.22", "size": "953.27"}, {"price": "0.23", "size": "10000"}, {"price": "0.25", "size": "11257.14"}, {"price": "0.26", "size": "75"}, {"price": "0.27", "size": "10096.29"}, {"price": "0.28", "size": "1498"}, {"price": "0.29", "size": "10150"}, {"price": "0.3", "size": "769.23"}, {"price": "0.31", "size": "10077.41"}, {"price": "0.32", "size": "4988.61"}, {"price": "0.33", "size": "10050"}, {"price": "0.35", "size": "10050"}, {"price": "0.36", "size": "55.55"}, {"price": "0.37", "size": "10238.22"}, {"price": "0.39", "size": "10104"}, {"price": "0.4", "size": "953.38"}, {"price": "0.41", "size": "10000"}, {"price": "0.43", "size": "10035.71"}, {"price": "0.44", "size": "20"}, {"price": "0.45", "size": "10000"}, {"price": "0.46", "size": "3330.63"}, {"price": "0.47", "size": "10000"}, {"price": "0.49", "size": "10000"}, {"price": "0.5", "size": "415.15"}, {"price": "0.51", "size": "10000"}, {"price": "0.53", "size": "10030"}, {"price": "0.54", "size": "423.5"}, {"price": "0.55", "size": "11095.88"}, {"price": "0.57", "size": "54877.81"}, {"price": "0.59", "size": "10000"}, {"price": "0.6", "size": "1481.69"}, {"price": "0.61", "size": "10082"}, {"price": "0.62", "size": "598"}, {"price": "0.63", "size": "10000"}, {"price": "0.64", "size": "715.13"}, {"price": "0.65", "size": "203.38"}, {"price": "0.66", "size": "45"}, {"price": "0.67", "size": "2000"}, {"price": "0.7", "size": "6344.23"}, {"price": "0.71", "size": "150"}, {"price": "0.72", "size": "1150.89"}, {"price": "0.73", "size": "72.09"}, {"price": "0.74", "size": "109"}, {"price": "0.75", "size": "2515.54"}, {"price": "0.76", "size": "382.14"}, {"price": "0.77", "size": "3527.02"}, {"price": "0.78", "size": "215"}, {"price": "0.79", "size": "116.45"}, {"price": "0.8", "size": "8621.22"}, {"price": "0.81", "size": "3145.71"}, {"price": "0.82", "size": "2402.9"}, {"price": "0.83", "size": "14454.84"}, {"price": "0.84", "size": "16678.98"}, {"price": "0.85", "size": "14589.27"}, {"price": "0.86", "size": "90520.25"}, {"price": "0.87", "size": "3204.56"}], "asks": [{"price": "0.99", "size": "1716565.57"}, {"price": "0.98", "size": "127149.14"}, {"price": "0.97", "size": "15000"}, {"price": "0.96", "size": "42828.52"}, {"price": "0.95", "size": "3776.21"}, {"price": "0.94", "size": "21228.72"}, {"price": "0.93", "size": "13652.7"}, {"price": "0.92", "size": "24515.82"}, {"price": "0.91", "size": "409967.07"}, {"price": "0.9", "size": "171398.07"}, {"price": "0.89", "size": "191345.2"}, {"price": "0.88", "size": "106579.36"}], "event_type": "book", "last_trade_price": "0.130"}]}
{"_local_timestamp": "2026-01-25T23:40:31.096286+00:00", "data": {"market": "0xd9fb1184af0064e5e34b129f5b79afa5a17b7e32f2953ab05efed82315fee6d4", "price_changes": [{"asset_id": "94559586571241563470235664821564670251180951772614764383113614156422396181162", "price": "0.06", "size": "12894.72", "side": "BUY", "hash": "2222fd9c3ca9ecac99bc68df7a306b8046786dbe", "best_bid": "0.12", "best_ask": "0.13"}, {"asset_id": "90772332434487149264114862115632028379978765245278600275169585501290867536237", "price": "0.94", "size": "12894.72", "side": "SELL", "hash": "5c7550e8baa7ff7bd161eb8a7f1b63c6e0b306c4", "best_bid": "0.87", "best_ask": "0.88"}], "timestamp": "1769384431000", "event_type": "price_change"}}
{"_local_timestamp": "2026-01-25T23:40:31.104711+00:00", "data": {"market": "0xd9fb1184af0064e5e34b129f5b79afa5a17b7e32f2953ab05efed82315fee6d4", "price_changes": [{"asset_id": "94559586571241563470235664821564670251180951772614764383113614156422396181162", "price": "0.04", "size": "30328.52", "side": "BUY", "hash": "1fa0bd6019ad8cd00669344072f66bd457835198", "best_bid": "0.12", "best_ask": "0.13"}, {"asset_id": "90772332434487149264114862115632028379978765245278600275169585501290867536237", "price": "0.96", "size": "30328.52", "side": "SELL", "hash": "cb560191b8ca3bf883049aba9196cff482bd9f9e", "best_bid": "0.87", "best_ask": "0.88"}], "timestamp": "1769384431006", "event_type": "price_change"}}
{"_local_timestamp": "2026-01-25T23:41:10.003932+00:00", "data": {"market": "0xd9fb1184af0064e5e34b129f5b79afa5a17b7e32f2953ab05efed82315fee6d4", "price_changes": [{"asset_id": "94559586571241563470235664821564670251180951772614764383113614156422396181162", "price": "0.09", "size": "409978.07", "side": "BUY", "hash": "038d29d3a5af400a87ac7072768cce3cf2c918e3", "best_bid": "0.12", "best_ask": "0.13"}, {"asset_id": "90772332434487149264114862115632028379978765245278600275169585501290867536237", "price": "0.91", "size": "409978.07", "side": "SELL", "hash": "a1bbec94c7971dd5b272ae83975d6b75d8b3a4e0", "best_bid": "0.87", "best_ask": "0.88"}], "timestamp": "1769384469905", "event_type": "price_change"}}
{"_local_timestamp": "2026-01-25T23:41:10.014991+00:00", "data": {"market": "0xd9fb1184af0064e5e34b129f5b79afa5a17b7e32f2953ab05efed82315fee6d4", "price_changes": [{"asset_id": "94559586571241563470235664821564670251180951772614764383113614156422396181162", "price": "0.04", "size": "42828.52", "side": "BUY", "hash": "0de112e79a6b192716d41ffacfad2e7249ab7a63", "best_bid": "0.12", "best_ask": "0.13"}, {"asset_id": "90772332434487149264114862115632028379978765245278600275169585501290867536237", "price": "0.96", "size": "42828.52", "side": "SELL", "hash": "36a3ac796ec587bba1fd9d9b14a4cb46516f5ad9", "best_bid": "0.87", "best_ask": "0.88"}], "timestamp": "1769384469907", "event_type": "price_change"}}
{"_local_timestamp": "2026-01-25T23:41:10.016086+00:00", "data": {"market": "0xd9fb1184af0064e5e34b129f5b79afa5a17b7e32f2953ab05efed82315fee6d4", "price_changes": [{"asset_id": "94559586571241563470235664821564670251180951772614764383113614156422396181162", "price": "0.08", "size": "24528.82", "side": "BUY", "hash": "e35fc0084c8bee39322405e870007838c2d19725", "best_bid": "0.12", "best_ask": "0.13"}, {"asset_id": "90772332434487149264114862115632028379978765245278600275169585501290867536237", "price": "0.92", "size": "24528.82", "side": "SELL", "hash": "9c6ac1bc3b729ef83a521ade64c2b75ac11dcab0", "best_bid": "0.87", "best_ask": "0.88"}], "timestamp": "1769384469908", "event_type": "price_change"}}
{"_local_timestamp": "2026-01-25T23:41:10.017075+00:00", "data": {"market": "0xd9fb1184af0064e5e34b129f5b79afa5a17b7e32f2953ab05efed82315fee6d4", "price_changes": [{"asset_id": "94559586571241563470235664821564670251180951772614764383113614156422396181162", "price": "0.06", "size": "21228.72", "side": "BUY", "hash": "4189de4c205974d9e2ad5035c45d832345568f36", "best_bid": "0.12", "best_ask": "0.13"}, {"asset_id": "90772332434487149264114862115632028379978765245278600275169585501290867536237", "price": "0.94", "size": "21228.72", "side": "SELL", "hash": "c908fac308ea4ad34fcf2b4d315e1065f4474f7d", "best_bid": "0.87", "best_ask": "0.88"}], "timestamp": "1769384469909", "event_type": "price_change"}}
