{"_local_timestamp": "2026-01-25T23:33:59.275442+00:00", "data": [{"market": "0xbeda18055fdc1f5bce0934e2500ed4ee82745b4c78b109e04e8dcf69f98d5d02", "asset_id": "72392264258230870796011784251756958130679822179554057734962978782410770260489", "timestamp": "1769384032542", "hash": "95cd8d052d7f465b6133a62d49dfabc5e2b667a7", "bids": [{"price": "0.01", "size": "5610.3"}, {"price": "0.02", "size": "1000"}, {"price": "0.03", "size": "10.65"}, {"price": "0.04", "size": "2750"}, {"price": "0.05", "size": "30"}, {"price": "0.06", "size": "1300"}, {"price": "0.07", "size": "250"}, {"price": "0.08", "size": "425"}, {"price": "0.1", "size": "10"}, {"price": "0.11", "size": "296.15"}, {"price": "0.14", "size": "1892"}, {"price": "0.17", "size": "152.94"}, {"price": "0.18", "size": "2782"}, {"price": "0.19", "size": "200"}, {"price": "0.2", "size": "120"}, {"price": "0.22", "size": "290.9"}, {"price": "0.26", "size": "150"}, {"price": "0.28", "size": "5"}, {"price": "0.45", "size": "50"}, {"price": "0.48", "size": "27.08"}, {"price": "0.5", "size": "26.76"}, {"price": "0.51", "size": "105"}, {"price": "0.52", "size": "50.64"}, {"price": "0.53", "size": "2098.01"}, {"price": "0.54", "size": "1171.25"}, {"price": "0.55", "size": "6632.9"}, {"price": "0.56", "size": "453.08"}], "asks": [{"price": "0.99", "size": "8019.73"}, {"price": "0.98", "size": "1750"}, {"price": "0.97", "size": "10.35"}, {"price": "0.96", "size": "3063.93"}, {"price": "0.95", "size": "250"}, {"price": "0.93", "size": "985.71"}, {"price": "0.91", "size": "355.55"}, {"price": "0.9", "size": "2206.91"}, {"price": "0.89", "size": "479.54"}, {"price": "0.88", "size": "3500"}, {"price": "0.87", "size": "3897"}, {"price": "0.86", "size": "185.71"}, {"price": "0.85", "size": "325"}, {"price": "0.84", "size": "550"}, {"price": "0.82", "size": "118.08"}, {"price": "0.79", "size": "300"}, {"price": "0.78", "size": "119.6"}, {"price": "0.74", "size": "10"}, {"price": "0.73", "size": "218.86"}, {"price": "0.72", "size": "200"}, {"price": "0.71", "size": "239.57"}, {"price": "0.7", "size": "316.09"}, {"price": "0.69", "size": "1175"}, {"price": "0.67", "size": "807"}, {"price": "0.66", "size": "10"}, {"price": "0.65", "size": "244.11"}, {"price": "0.64", "size": "546.55"}, {"price": "0.63", "size": "64.05"}, {"price": "0.62", "size": "257"}, {"price": "0.61", "size": "5327.4"}, {"price": "0.6", "size": "175.63"}, {"price": "0.59", "size": "412.17"}, {"price": "0.58", "size": "253"}, {"price": "0.57", "size": "775.15"}], "event_type": "book", "last_trade_price": "0.430"}, {"market": "0xbeda18055fdc1f5bce0934e2500ed4ee82745b4c78b109e04e8dcf69f98d5d02", "asset_id": "1721314828785517746980964825401510699361790864946226663151397689590042697451", "timestamp": "1769384032542", "hash": "0d33443e46354622f4e4f2deeb5f9e422b1e1e33", "bids": [{"price": "0.01", "size": "8019.73"}, {"price": "0.02", "size": "1750"}, {"price": "0.03", "size": "10.35"}, {"price": "0.04", "size": "3063.93"}, {"price": "0.05", "size": "250"}, {"price": "0.07", "size": "985.71"}, {"price": "0.09", "size": "355.55"}, {"price": "0.1", "size": "2206.91"}, {"price": "0.11", "size": "479.54"}, {"price": "0.12", "size": "3500"}, {"price": "0.13", "size": "3897"}, {"price": "0.14", "size": "185.71"}, {"price": "0.15", "size": "325"}, {"price": "0.16", "size": "550"}, {"price": "0.18", "size": "118.08"}, {"price": "0.21", "size": "300"}, {"price": "0.22", "size": "119.6"}, {"price": "0.26", "size": "10"}, {"price": "0.27", "size": "218.86"}, {"price": "0.28", "size": "200"}, {"price": "0.29", "size": "239.57"}, {"price": "0.3", "size": "316.09"}, {"price": "0.31", "size": "1175"}, {"price": "0.33", "size": "807"}, {"price": "0.34", "size": "10"}, {"price": "0.35", "size": "244.11"}, {"price": "0.36", "size": "546.55"}, {"price": "0.37", "size": "64.05"}, {"price": "0.38", "size": "257"}, {"price": "0.39", "size": "5327.4"}, {"price": "0.4", "size": "175.63"}, {"price": "0.41", "size": "412.17"}, {"price": "0.42", "size": "253"}, {"price": "0.43", "size": "775.15"}], "asks": [{"price": "0.99", "size": "5610.3"}, {"price": "0.98", "size": "1000"}, {"price": "0.97", "size": "10.65"}, {"price": "0.96", "size": "2750"}, {"price": "0.95", "size": "30"}, {"price": "0.94", "size": "1300"}, {"price": "0.93", "size": "250"}, {"price": "0.92", "size": "425"}, {"price": "0.9", "size": "10"}, {"price": "0.89", "size": "296.15"}, {"price": "0.86", "size": "1892"}, {"price": "0.83", "size": "152.94"}, {"price": "0.82", "size": "2782"}, {"price": "0.81", "size": "200"}, {"price": "0.8", "size": "120"}, {"price": "0.78", "size": "290.9"}, {"price": "0.74", "size": "150"}, {"price": "0.72", "size": "5"}, {"price": "0.55", "size": "50"}, {"price": "0.52", "size": "27.08"}, {"price": "0.5", "size": "26.76"}, {"price": "0.49", "size": "105"}, {"price": "0.48", "size": "50.64"}, {"price": "0.47", "size": "2098.01"}, {"price": "0.46", "size": "1171.25"}, {"price": "0.45", "size": "6632.9"}, {"price": "0.44", "size": "453.08"}], "event_type": "book", "last_trade_price": "0.430"}]}
{"_local_timestamp": "2026-01-25T23:34:04.639799+00:00", "data": {"market": "0xbeda18055fdc1f5bce0934e2500ed4ee82745b4c78b109e04e8dcf69f98d5d02", "price_changes": [{"asset_id": "1721314828785517746980964825401510699361790864946226663151397689590042697451", "price": "0.11", "size": "254.54", "side": "BUY", "hash": "0152a3f77285d1af09cdf38c0fe5610a1666856f", "best_bid": "0.43", "best_ask": "0.44"}, {"asset_id": "72392264258230870796011784251756958130679822179554057734962978782410770260489", "price": "0.89", "size": "254.54", "side": "SELL", "hash": "82bf58b7643677c76543fce5fe37f284d467aee8", "best_bid": "0.56", "best_ask": "0.57"}], "timestamp": "1769384044563", "event_type": "price_change"}}
{"_local_timestamp": "2026-01-25T23:34:05.082885+00:00", "data": {"market": "0xbeda18055fdc1f5bce0934e2500ed4ee82745b4c78b109e04e8dcf69f98d5d02", "price_changes": [{"asset_id": "1721314828785517746980964825401510699361790864946226663151397689590042697451", "price": "0.13", "size": "4122", "side": "BUY", "hash": "97f50e5f607bde0dac4f7447a671aa67007c276b", "best_bid": "0.43", "best_ask": "0.44"}, {"asset_id": "72392264258230870796011784251756958130679822179554057734962978782410770260489", "price": "0.87", "size": "4122", "side": "SELL", "hash": "8dd74b9238b8915b9bd025adb15201cc49cb6ef2", "best_bid": "0.56", "best_ask": "0.57"}], "timestamp": "1769384044911", "event_type": "price_change"}}
{"_local_timestamp": "2026-01-25T23:34:19.904116+00:00", "data": {"market": "0xbeda18055fdc1f5bce0934e2500ed4ee82745b4c78b109e04e8dcf69f98d5d02", "price_changes": [{"asset_id": "1721314828785517746980964825401510699361790864946226663151397689590042697451", "price": "0.12", "size": "0", "side": "BUY", "hash": "afc7c6716948320a431ddbb5753fed166ad46952", "best_bid": "0.43", "best_ask": "0.44"}, {"asset_id": "72392264258230870796011784251756958130679822179554057734962978782410770260489", "price": "0.88", "size": "0", "side": "SELL", "hash": "83ca9d479cd556c19488b4ddef8741e81f6f3d1d", "best_bid": "0.56", "best_ask": "0.57"}], "timestamp": "1769384059758", "event_type": "price_change"}}
{"_local_timestamp": "2026-01-25T23:34:23.109325+00:00", "data": {"market": "0xbeda18055fdc1f5bce0934e2500ed4ee82745b4c78b109e04e8dcf69f98d5d02", "price_changes": [{"asset_id": "1721314828785517746980964825401510699361790864946226663151397689590042697451", "price": "0.13", "size": "275", "side": "BUY", "hash": "b2e0ff35ca3066b98c418b22cadd7c81be1b59dc", "best_bid": "0.43", "best_ask": "0.44"}, {"asset_id": "72392264258230870796011784251756958130679822179554057734962978782410770260489", "price": "0.87", "size": "275", "side": "SELL", "hash": "1a9543090d339c9cee5e663b4899744653f3ece7", "best_bid": "0.56", "best_ask": "0.57"}], "timestamp": "1769384063037", "event_type": "price_change"}}
{"_local_timestamp": "2026-01-25T23:34:23.125804+00:00", "data": {"market": "0xbeda18055fdc1f5bce0934e2500ed4ee82745b4c78b109e04e8dcf69f98d5d02", "price_changes": [{"asset_id": "1721314828785517746980964825401510699361790864946226663151397689590042697451", "price": "0.11", "size": "4800.54", "side": "BUY", "hash": "cc0bdc57aa628f9469862be93d30c301d9793413", "best_bid": "0.43", "best_ask": "0.44"}, {"asset_id": "72392264258230870796011784251756958130679822179554057734962978782410770260489", "price": "0.89", "size": "4800.54", "side": "SELL", "hash": "d74211424c06b93c3adef851fbd9c2ea72ce2461", "best_bid": "0.56", "best_ask": "0.57"}], "timestamp": "1769384063054", "event_type": "price_change"}}
{"_local_timestamp": "2026-01-25T23:35:09.149766+00:00", "data": {"market": "0xbeda18055fdc1f5bce0934e2500ed4ee82745b4c78b109e04e8dcf69f98d5d02", "price_changes": [{"asset_id": "1721314828785517746980964825401510699361790864946226663151397689590042697451", "price": "0.14", "size": "3183.71", "side": "BUY", "hash": "78d99b87632b933740148d41788af88122b74a09", "best_bid": "0.43", "best_ask": "0.44"}, {"asset_id": "72392264258230870796011784251756958130679822179554057734962978782410770260489", "price": "0.86", "size": "3183.71", "side": "SELL", "hash": "4a0756a981a96f288674ee9400b199c05c02d7ae", "best_bid": "0.56", "best_ask": "0.57"}], "timestamp": "1769384109079", "event_type": "price_change"}}
{"_local_timestamp": "2026-01-25T23:35:23.743267+00:00", "data": {"market": "0xbeda18055fdc1f5bce0934e2500ed4ee82745b4c78b109e04e8dcf69f98d5d02", "price_changes": [{"asset_id": "1721314828785517746980964825401510699361790864946226663151397689590042697451", "price": "0.13", "size": "50", "side": "BUY", "hash": "6d4075d56018e441dbeac4b1db27b05f2e8ae808", "best_bid": "0.43", "best_ask": "0.44"}, {"asset_id": "72392264258230870796011784251756958130679822179554057734962978782410770260489", "price": "0.87", "size": "50", "side": "SELL", "hash": "c2c15cda3ad524370a9eaea5f99d1cb1819dc886", "best_bid": "0.56", "best_ask": "0.57"}], "timestamp": "1769384123667", "event_type": "price_change"}}
{"_local_timestamp": "2026-01-25T23:35:24.012156+00:00", "data": {"market": "0xbeda18055fdc1f5bce0934e2500ed4ee82745b4c78b109e04e8dcf69f98d5d02", "price_changes": [{"asset_id": "1721314828785517746980964825401510699361790864946226663151397689590042697451", "price": "0.11", "size": "5025.54", "side": "BUY", "hash": "4fc01e43878585abe7a2d8262cb0f6dc8df8531d", "best_bid": "0.43", "best_ask": "0.44"}, {"asset_id": "72392264258230870796011784251756958130679822179554057734962978782410770260489", "price": "0.89", "size": "5025.54", "side": "SELL", "hash": "c34a7af390c8ac2817ec2e9162ce17d2768fd3d1", "best_bid": "0.56", "best_ask": "0.57"}], "timestamp": "1769384123935", "event_type": "price_change"}}
{"_local_timestamp": "2026-01-25T23:35:26.743391+00:00", "data": {"market": "0xbeda18055fdc1f5bce0934e2500ed4ee82745b4c78b109e04e8dcf69f98d5d02", "price_changes": [{"asset_id": "1721314828785517746980964825401510699361790864946226663151397689590042697451", "price": "0.15", "size": "200", "side": "BUY", "hash": "aa330da46b8c1a7cb24f3aff87f3af3eb4689b0c", "best_bid": "0.43", "best_ask": "0.44"}, {"asset_id": "72392264258230870796011784251756958130679822179554057734962978782410770260489", "price": "0.85", "size": "200", "side": "SELL", "hash": "66157fba34e57bc53967cf2d0352675737c5ff60", "best_bid": "0.56", "best_ask": "0.57"}], "timestamp": "1769384126570", "event_type": "price_change"}}
{"_local_timestamp": "2026-01-25T23:35:27.148982+00:00", "data": {"market": "0xbeda18055fdc1f5bce0934e2500ed4ee82745b4c78b109e04e8dcf69f98d5d02", "price_changes": [{"asset_id": "1721314828785517746980964825401510699361790864946226663151397689590042697451", "price": "0.13", "size": "175", "side": "BUY", "hash": "3557d073141c3141d77598c177baa0dcd254edcd", "best_bid": "0.43", "best_ask": "0.44"}, {"asset_id": "72392264258230870796011784251756958130679822179554057734962978782410770260489", "price": "0.87", "size": "175", "side": "SELL", "hash": "cb803acfaf73484741051f2ad5c539d9c6a4229d", "best_bid": "0.56", "best_ask": "0.57"}], "timestamp": "1769384126910", "event_type": "price_change"}}
{"_local_timestamp": "2026-01-25T23:35:30.808316+00:00", "data": {"market": "0xbeda18055fdc1f5bce0934e2500ed4ee82745b4c78b109e04e8dcf69f98d5d02", "price_changes": [{"asset_id": "1721314828785517746980964825401510699361790864946226663151397689590042697451", "price": "0.13", "size": "125", "side": "BUY", "hash": "40bad7ebd5077ba6c6c9cd536814377527109f67", "best_bid": "0.43", "best_ask": "0.44"}, {"asset_id": "72392264258230870796011784251756958130679822179554057734962978782410770260489", "price": "0.87", "size": "125", "side": "SELL", "hash": "13145eae1862dc48ff21c6a2af254a6e85c447eb", "best_bid": "0.56", "best_ask": "0.57"}], "timestamp": "1769384130716", "event_type": "price_change"}}
{"_local_timestamp": "2026-01-25T23:35:31.112962+00:00", "data": {"market": "0xbeda18055fdc1f5bce0934e2500ed4ee82745b4c78b109e04e8dcf69f98d5d02", "price_changes": [{"asset_id": "1721314828785517746980964825401510699361790864946226663151397689590042697451", "price": "0.11", "size": "5075.54", "side": "BUY", "hash": "2321b5fea543f6cb73ba9b7535b0220f952d4a30", "best_bid": "0.43", "best_ask": "0.44"}, {"asset_id": "72392264258230870796011784251756958130679822179554057734962978782410770260489", "price": "0.89", "size": "5075.54", "side": "SELL", "hash": "12ee78a3b9d5c52327251fe616fce133ee5c7758", "best_bid": "0.56", "best_ask": "0.57"}], "timestamp": "1769384131027", "event_type": "price_change"}}
{"_local_timestamp": "2026-01-25T23:35:50.112185+00:00", "data": {"market": "0xbeda18055fdc1f5bce0934e2500ed4ee82745b4c78b109e04e8dcf69f98d5d02", "price_changes": [{"asset_id": "1721314828785517746980964825401510699361790864946226663151397689590042697451", "price": "0.36", "size": "305.55", "side": "BUY", "hash": "4fc5d5c70bae26fabfd36386eb88f7f8a3bd66ff", "best_bid": "0.43", "best_ask": "0.44"}, {"asset_id": "72392264258230870796011784251756958130679822179554057734962978782410770260489", "price": "0.64", "size": "305.55", "side": "SELL", "hash": "b6bc6b150f69187e34ffadbb34531d22190a9f87", "best_bid": "0.56", "best_ask": "0.57"}], "timestamp": "1769384150000", "event_type": "price_change"}}
{"_local_timestamp": "2026-01-25T23:35:50.121783+00:00", "data": {"market": "0xbeda18055fdc1f5bce0934e2500ed4ee82745b4c78b109e04e8dcf69f98d5d02", "price_changes": [{"asset_id": "1721314828785517746980964825401510699361790864946226663151397689590042697451", "price": "0.31", "size": "61", "side": "BUY", "hash": "8425d14b5aa224ebba46a9117f3a788422468a79", "best_bid": "0.43", "best_ask": "0.44"}, {"asset_id": "72392264258230870796011784251756958130679822179554057734962978782410770260489", "price": "0.69", "size": "61", "side": "SELL", "hash": "b41512dc9f5937c6a0ac8f07b0b9bcbc9aa57447", "best_bid": "0.56", "best_ask": "0.57"}], "timestamp": "1769384150006", "event_type": "price_change"}}
{"_local_timestamp": "2026-01-25T23:35:50.122532+00:00", "data": {"market": "0xbeda18055fdc1f5bce0934e2500ed4ee82745b4c78b109e04e8dcf69f98d5d02", "price_changes": [{"asset_id": "1721314828785517746980964825401510699361790864946226663151397689590042697451", "price": "0.38", "size": "20", "side": "BUY", "hash": "8425d14b5aa224ebba46a9117f3a788422468a79", "best_bid": "0.43", "best_ask": "0.44"}, {"asset_id": "72392264258230870796011784251756958130679822179554057734962978782410770260489", "price": "0.62", "size": "20", "side": "SELL", "hash": "b41512dc9f5937c6a0ac8f07b0b9bcbc9aa57447", "best_bid": "0.56", "best_ask": "0.57"}], "timestamp": "1769384150006", "event_type": "price_change"}}
{"_local_timestamp": "2026-01-25T23:35:50.513258+00:00", "data": {"market": "0xbeda18055fdc1f5bce0934e2500ed4ee82745b4c78b109e04e8dcf69f98d5d02", "price_changes": [{"asset_id": "72392264258230870796011784251756958130679822179554057734962978782410770260489", "price": "0.6", "size": "143.63", "side": "SELL", "hash": "d9a8629b50002eebf395168ac157b1003355ec23", "best_bid": "0.56", "best_ask": "0.57"}, {"asset_id": "1721314828785517746980964825401510699361790864946226663151397689590042697451", "price": "0.4", "size": "143.63", "side": "BUY", "hash": "6fe02937a6705d9d8ffd78a5b6b2e9aa10057598", "best_bid": "0.43", "best_ask": "0.44"}], "timestamp": "1769384150407", "event_type": "price_change"}}
{"_local_timestamp": "2026-01-25T23:35:53.847327+00:00", "data": {"market": "0xbeda18055fdc1f5bce0934e2500ed4ee82745b4c78b109e04e8dcf69f98d5d02", "price_changes": [{"asset_id": "1721314828785517746980964825401510699361790864946226663151397689590042697451", "price": "0.36", "size": "46.55", "side": "BUY", "hash": "b098b9f477a8062740be72baddefc90e7f085b04", "best_bid": "0.43", "best_ask": "0.44"}, {"asset_id": "72392264258230870796011784251756958130679822179554057734962978782410770260489", "price": "0.64", "size": "46.55", "side": "SELL", "hash": "71cbd5789e66bec987812c17fe952a341233f017", "best_bid": "0.56", "best_ask": "0.57"}], "timestamp": "1769384153780", "event_type": "price_change"}}
{"_local_timestamp": "2026-01-25T23:35:53.851811+00:00", "data": {"market": "0xbeda18055fdc1f5bce0934e2500ed4ee82745b4c78b109e04e8dcf69f98d5d02", "price_changes": [{"asset_id": "1721314828785517746980964825401510699361790864946226663151397689590042697451", "price": "0.31", "size": "45", "side": "BUY", "hash": "b098b9f477a8062740be72baddefc90e7f085b04", "best_bid": "0.43", "best_ask": "0.44"}, {"asset_id": "72392264258230870796011784251756958130679822179554057734962978782410770260489", "price": "0.69", "size": "45", "side": "SELL", "hash": "71cbd5789e66bec987812c17fe952a341233f017", "best_bid": "0.56", "best_ask": "0.57"}], "timestamp": "1769384153780", "event_type": "price_change"}}
{"_local_timestamp": "2026-01-25T23:35:53.852241+00:00", "data": {"market": "0xbeda18055fdc1f5bce0934e2500ed4ee82745b4c78b109e04e8dcf69f98d5d02", "price_changes": [{"asset_id": "1721314828785517746980964825401510699361790864946226663151397689590042697451", "price": "0.11", "size": "529.54", "side": "BUY", "hash": "b098b9f477a8062740be72baddefc90e7f085b04", "best_bid": "0.43", "best_ask": "0.44"}, {"asset_id": "72392264258230870796011784251756958130679822179554057734962978782410770260489", "price": "0.89", "size": "529.54", "side": "SELL", "hash": "71cbd5789e66bec987812c17fe952a341233f017", "best_bid": "0.56", "best_ask": "0.57"}], "timestamp": "1769384153780", "event_type": "price_change"}}
{"_local_timestamp": "2026-01-25T23:35:53.915655+00:00", "data": {"market": "0xbeda18055fdc1f5bce0934e2500ed4ee82745b4c78b109e04e8dcf69f98d5d02", "price_changes": [{"asset_id": "1721314828785517746980964825401510699361790864946226663151397689590042697451", "price": "0.31", "size": "51", "side": "BUY", "hash": "08b9cf6c6109db391aa3c98c1489220c1bb0b628", "best_bid": "0.43", "best_ask": "0.44"}, {"asset_id": "72392264258230870796011784251756958130679822179554057734962978782410770260489", "price": "0.69", "size": "51", "side": "SELL", "hash": "1b3d40ef9c6d8384adc5d8d6954dd35a4f4de60c", "best_bid": "0.56", "best_ask": "0.57"}], "timestamp": "1769384153844", "event_type": "price_change"}}
{"_local_timestamp": "2026-01-25T23:35:53.928473+00:00", "data": {"market": "0xbeda18055fdc1f5bce0934e2500ed4ee82745b4c78b109e04e8dcf69f98d5d02", "price_changes": [{"asset_id": "1721314828785517746980964825401510699361790864946226663151397689590042697451", "price": "0.15", "size": "3534", "side": "BUY", "hash": "fdbc3b5cca5a89ce4b4fd73dcb711942483aa5a0", "best_bid": "0.43", "best_ask": "0.44"}, {"asset_id": "72392264258230870796011784251756958130679822179554057734962978782410770260489", "price": "0.85", "size": "3534", "side": "SELL", "hash": "d82c045299a8d8bb66dadfc014c9b18715a0a467", "best_bid": "0.56", "best_ask": "0.57"}], "timestamp": "1769384153859", "event_type": "price_change"}}
{"_local_timestamp": "2026-01-25T23:35:53.930915+00:00", "data": {"market": "0xbeda18055fdc1f5bce0934e2500ed4ee82745b4c78b109e04e8dcf69f98d5d02", "price_changes": [{"asset_id": "1721314828785517746980964825401510699361790864946226663151397689590042697451", "price": "0.36", "size": "302.55", "side": "BUY", "hash": "ef3f804010e03ba2af80c310ecdff9922e5e65e1", "best_bid": "0.43", "best_ask": "0.44"}, {"asset_id": "72392264258230870796011784251756958130679822179554057734962978782410770260489", "price": "0.64", "size": "302.55", "side": "SELL", "hash": "5b2d0898e86015c35a09b45672c0ac33b0d366ac", "best_bid": "0.56", "best_ask": "0.57"}], "timestamp": "1769384153863", "event_type": "price_change"}}
{"_local_timestamp": "2026-01-25T23:36:06.388977+00:00", "data": {"market": "0xbeda18055fdc1f5bce0934e2500ed4ee82745b4c78b109e04e8dcf69f98d5d02", "price_changes": [{"asset_id": "1721314828785517746980964825401510699361790864946226663151397689590042697451", "price": "0.31", "size": "1165", "side": "BUY", "hash": "1c1074b6cda9f0dde90ba254a97d2a23009cc094", "best_bid": "0.43", "best_ask": "0.44"}, {"asset_id": "72392264258230870796011784251756958130679822179554057734962978782410770260489", "price": "0.69", "size": "1165", "side": "SELL", "hash": "9df4ddbb4abab7570bf5c46ea7d29b32a29de8d0", "best_bid": "0.56", "best_ask": "0.57"}], "timestamp": "1769384166322", "event_type": "price_change"}}
{"_local_timestamp": "2026-01-25T23:36:06.389731+00:00", "data": {"market": "0xbeda18055fdc1f5bce0934e2500ed4ee82745b4c78b109e04e8dcf69f98d5d02", "price_changes": [{"asset_id": "1721314828785517746980964825401510699361790864946226663151397689590042697451", "price": "0.38", "size": "260", "side": "BUY", "hash": "ad3cc36efbca6a2b2cc183f68be58a8a43251a19", "best_bid": "0.43", "best_ask": "0.44"}, {"asset_id": "72392264258230870796011784251756958130679822179554057734962978782410770260489", "price": "0.62", "size": "260", "side": "SELL", "hash": "31e0b3a9bef3178775e0e746e682e2e21797878f", "best_bid": "0.56", "best_ask": "0.57"}], "timestamp": "1769384166323", "event_type": "price_change"}}
{"_local_timestamp": "2026-01-25T23:36:06.390102+00:00", "data": {"market": "0xbeda18055fdc1f5bce0934e2500ed4ee82745b4c78b109e04e8dcf69f98d5d02", "price_changes": [{"asset_id": "1721314828785517746980964825401510699361790864946226663151397689590042697451", "price": "0.36", "size": "543.55", "side": "BUY", "hash": "0f1ab0a8773d135d383f89aa96f3e81e18d8caad", "best_bid": "0.43", "best_ask": "0.44"}, {"asset_id": "72392264258230870796011784251756958130679822179554057734962978782410770260489", "price": "0.64", "size": "543.55", "side": "SELL", "hash": "57872e137ed72ce9146e938782cac6294906fd75", "best_bid": "0.56", "best_ask": "0.57"}], "timestamp": "1769384166324", "event_type": "price_change"}}
{"_local_timestamp": "2026-01-25T23:36:43.362859+00:00", "data": {"market": "0xbeda18055fdc1f5bce0934e2500ed4ee82745b4c78b109e04e8dcf69f98d5d02", "price_changes": [{"asset_id": "1721314828785517746980964825401510699361790864946226663151397689590042697451", "price": "0.11", "size": "304.54", "side": "BUY", "hash": "fd9f5453e4073d04282866769c4b97e31dfa4d08", "best_bid": "0.43", "best_ask": "0.44"}, {"asset_id": "72392264258230870796011784251756958130679822179554057734962978782410770260489", "price": "0.89", "size": "304.54", "side": "SELL", "hash": "b1e412079d6d43a48912430b6626775998415fee", "best_bid": "0.56", "best_ask": "0.57"}], "timestamp": "1769384203227", "event_type": "price_change"}}
{"_local_timestamp": "2026-01-25T23:36:43.711062+00:00", "data": {"market": "0xbeda18055fdc1f5bce0934e2500ed4ee82745b4c78b109e04e8dcf69f98d5d02", "price_changes": [{"asset_id": "1721314828785517746980964825401510699361790864946226663151397689590042697451", "price": "0.15", "size": "3759", "side": "BUY", "hash": "b447c67afc8fe15f1e3bfeb0a0a42bb36ff96360", "best_bid": "0.43", "best_ask": "0.44"}, {"asset_id": "72392264258230870796011784251756958130679822179554057734962978782410770260489", "price": "0.85", "size": "3759", "side": "SELL", "hash": "8e0a20b322a864cc0379849fa1b6ee5abea091df", "best_bid": "0.56", "best_ask": "0.57"}], "timestamp": "1769384203568", "event_type": "price_change"}}
{"_local_timestamp": "2026-01-25T23:36:55.044942+00:00", "data": {"market": "0xbeda18055fdc1f5bce0934e2500ed4ee82745b4c78b109e04e8dcf69f98d5d02", "price_changes": [{"asset_id": "72392264258230870796011784251756958130679822179554057734962978782410770260489", "price": "0.6", "size": "175.63", "side": "SELL", "hash": "8a5aca5e347e2997be7129a20cec6a09ae508167", "best_bid": "0.56", "best_ask": "0.57"}, {"asset_id": "1721314828785517746980964825401510699361790864946226663151397689590042697451", "price": "0.4", "size": "175.63", "side": "BUY", "hash": "c68869c0cb0b939c39341aacd2bfcfad41f56070", "best_bid": "0.43", "best_ask": "0.44"}], "timestamp": "1769384214917", "event_type": "price_change"}}
{"_local_timestamp": "2026-01-25T23:36:55.090143+00:00", "data": {"market": "0xbeda18055fdc1f5bce0934e2500ed4ee82745b4c78b109e04e8dcf69f98d5d02", "price_changes": [{"asset_id": "1721314828785517746980964825401510699361790864946226663151397689590042697451", "price": "0.15", "size": "3559", "side": "BUY", "hash": "2b406de8fb40189546eabe4f5787514a4d94fc81", "best_bid": "0.43", "best_ask": "0.44"}, {"asset_id": "72392264258230870796011784251756958130679822179554057734962978782410770260489", "price": "0.85", "size": "3559", "side": "SELL", "hash": "ff36048699c7609005cead223758873c95ac090a", "best_bid": "0.56", "best_ask": "0.57"}], "timestamp": "1769384214946", "event_type": "price_change"}}
{"_local_timestamp": "2026-01-25T23:36:55.827510+00:00", "data": {"market": "0xbeda18055fdc1f5bce0934e2500ed4ee82745b4c78b109e04e8dcf69f98d5d02", "price_changes": [{"asset_id": "1721314828785517746980964825401510699361790864946226663151397689590042697451", "price": "0.11", "size": "504.54", "side": "BUY", "hash": "226c5a5c4738b39cd1defec2679e9bcad5bca6ab", "best_bid": "0.43", "best_ask": "0.44"}, {"asset_id": "72392264258230870796011784251756958130679822179554057734962978782410770260489", "price": "0.89", "size": "504.54", "side": "SELL", "hash": "fa72db29eabe0998db64eb14769360aeae6b8a3a", "best_bid": "0.56", "best_ask": "0.57"}], "timestamp": "1769384215606", "event_type": "price_change"}}
{"_local_timestamp": "2026-01-25T23:37:00.482730+00:00", "data": {"market": "0xbeda18055fdc1f5bce0934e2500ed4ee82745b4c78b109e04e8dcf69f98d5d02", "price_changes": [{"asset_id": "1721314828785517746980964825401510699361790864946226663151397689590042697451", "price": "0.11", "size": "454.54", "side": "BUY", "hash": "9995b8f51637a78973ed93fd401ed1d9a1a8697b", "best_bid": "0.43", "best_ask": "0.44"}, {"asset_id": "72392264258230870796011784251756958130679822179554057734962978782410770260489", "price": "0.89", "size": "454.54", "side": "SELL", "hash": "e59a36bd057e33fec7540455ead8bf2d712a4b5a", "best_bid": "0.56", "best_ask": "0.57"}], "timestamp": "1769384220311", "event_type": "price_change"}}
{"_local_timestamp": "2026-01-25T23:37:13.125139+00:00", "data": {"market": "0xbeda18055fdc1f5bce0934e2500ed4ee82745b4c78b109e04e8dcf69f98d5d02", "price_changes": [{"asset_id": "1721314828785517746980964825401510699361790864946226663151397689590042697451", "price": "0.13", "size": "0", "side": "BUY", "hash": "5574369a36729e7860425b186b29fe8d32704ccd", "best_bid": "0.43", "best_ask": "0.44"}, {"asset_id": "72392264258230870796011784251756958130679822179554057734962978782410770260489", "price": "0.87", "size": "0", "side": "SELL", "hash": "5597ceebd4383902fbee7320ff1c3ce4dacaabdb", "best_bid": "0.56", "best_ask": "0.57"}], "timestamp": "1769384233005", "event_type": "price_change"}}
{"_local_timestamp": "2026-01-25T23:37:13.524094+00:00", "data": {"market": "0xbeda18055fdc1f5bce0934e2500ed4ee82745b4c78b109e04e8dcf69f98d5d02", "price_changes": [{"asset_id": "1721314828785517746980964825401510699361790864946226663151397689590042697451", "price": "0.11", "size": "579.54", "side": "BUY", "hash": "e9225049df10ade4849166737e6e6ba6c6a654fb", "best_bid": "0.43", "best_ask": "0.44"}, {"asset_id": "72392264258230870796011784251756958130679822179554057734962978782410770260489", "price": "0.89", "size": "579.54", "side": "SELL", "hash": "f8451558563f178526f5427f9ffc9f69d17debfd", "best_bid": "0.56", "best_ask": "0.57"}], "timestamp": "1769384233377", "event_type": "price_change"}}
{"_local_timestamp": "2026-01-25T23:37:35.229449+00:00", "data": {"market": "0xbeda18055fdc1f5bce0934e2500ed4ee82745b4c78b109e04e8dcf69f98d5d02", "price_changes": [{"asset_id": "1721314828785517746980964825401510699361790864946226663151397689590042697451", "price": "0.14", "size": "185.71", "side": "BUY", "hash": "11f59f189f5cdb221f26c2d284178878249c61ab", "best_bid": "0.43", "best_ask": "0.44"}, {"asset_id": "72392264258230870796011784251756958130679822179554057734962978782410770260489", "price": "0.86", "size": "185.71", "side": "SELL", "hash": "37e74836dd137323dd00ff815e4c2f59f33e42db", "best_bid": "0.56", "best_ask": "0.57"}], "timestamp": "1769384255116", "event_type": "price_change"}}
{"_local_timestamp": "2026-01-25T23:37:38.535598+00:00", "data": {"market": "0xbeda18055fdc1f5bce0934e2500ed4ee82745b4c78b109e04e8dcf69f98d5d02", "price_changes": [{"asset_id": "1721314828785517746980964825401510699361790864946226663151397689590042697451", "price": "0.15", "size": "225", "side": "BUY", "hash": "8df74c4f31408c072d3f5a1e666b4cf932b3ca89", "best_bid": "0.43", "best_ask": "0.44"}, {"asset_id": "72392264258230870796011784251756958130679822179554057734962978782410770260489", "price": "0.85", "size": "225", "side": "SELL", "hash": "7726a5b8ce420aab41b7847fb389353143fc13d1", "best_bid": "0.56", "best_ask": "0.57"}], "timestamp": "1769384258469", "event_type": "price_change"}}
{"_local_timestamp": "2026-01-25T23:37:38.555392+00:00", "data": {"market": "0xbeda18055fdc1f5bce0934e2500ed4ee82745b4c78b109e04e8dcf69f98d5d02", "price_changes": [{"asset_id": "1721314828785517746980964825401510699361790864946226663151397689590042697451", "price": "0.11", "size": "5125.54", "side": "BUY", "hash": "254f070f6c78a97173056a557c5304acd5a6b32b", "best_bid": "0.43", "best_ask": "0.44"}, {"asset_id": "72392264258230870796011784251756958130679822179554057734962978782410770260489", "price": "0.89", "size": "5125.54", "side": "SELL", "hash": "a1437ff3d1e40845f3368ae0c45756b93a1f0941", "best_bid": "0.56", "best_ask": "0.57"}], "timestamp": "1769384258485", "event_type": "price_change"}}
{"_local_timestamp": "2026-01-25T23:37:40.075613+00:00", "data": {"market": "0xbeda18055fdc1f5bce0934e2500ed4ee82745b4c78b109e04e8dcf69f98d5d02", "price_changes": [{"asset_id": "1721314828785517746980964825401510699361790864946226663151397689590042697451", "price": "0.36", "size": "537.55", "side": "BUY", "hash": "c3ead6c9fb54e93b1da29a813286b52db9ee5a1f", "best_bid": "0.43", "best_ask": "0.44"}, {"asset_id": "72392264258230870796011784251756958130679822179554057734962978782410770260489", "price": "0.64", "size": "537.55", "side": "SELL", "hash": "dc08bca0015f643ba370dbbcb1531f2dfa00d5d1", "best_bid": "0.56", "best_ask": "0.57"}], "timestamp": "1769384260000", "event_type": "price_change"}}
{"_local_timestamp": "2026-01-25T23:37:40.093354+00:00", "data": {"market": "0xbeda18055fdc1f5bce0934e2500ed4ee82745b4c78b109e04e8dcf69f98d5d02", "price_changes": [{"asset_id": "1721314828785517746980964825401510699361790864946226663151397689590042697451", "price": "0.31", "size": "1120", "side": "BUY", "hash": "9d4c04827ee9a2dee1c47b09a7c006a9708b479d", "best_bid": "0.43", "best_ask": "0.44"}, {"asset_id": "72392264258230870796011784251756958130679822179554057734962978782410770260489", "price": "0.69", "size": "1120", "side": "SELL", "hash": "5347d6a519315d40d2fdb3763882d4595f1991ba", "best_bid": "0.56", "best_ask": "0.57"}], "timestamp": "1769384260002", "event_type": "price_change"}}
{"_local_timestamp": "2026-01-25T23:37:42.800358+00:00", "data": {"market": "0xbeda18055fdc1f5bce0934e2500ed4ee82745b4c78b109e04e8dcf69f98d5d02", "price_changes": [{"asset_id": "1721314828785517746980964825401510699361790864946226663151397689590042697451", "price": "0.31", "size": "1165", "side": "BUY", "hash": "30ffcfa77f6af93c5d2ed046f3bb95f16ed05bfb", "best_bid": "0.43", "best_ask": "0.44"}, {"asset_id": "72392264258230870796011784251756958130679822179554057734962978782410770260489", "price": "0.69", "size": "1165", "side": "SELL", "hash": "b3ed7cd146575d315f1bc7ab8f4dfb4bdb1a1611", "best_bid": "0.56", "best_ask": "0.57"}], "timestamp": "1769384262729", "event_type": "price_change"}}
{"_local_timestamp": "2026-01-25T23:37:42.800810+00:00", "data": {"market": "0xbeda18055fdc1f5bce0934e2500ed4ee82745b4c78b109e04e8dcf69f98d5d02", "price_changes": [{"asset_id": "1721314828785517746980964825401510699361790864946226663151397689590042697451", "price": "0.36", "size": "543.55", "side": "BUY", "hash": "3352a82150c7d7dcd1f2ccdcd9cd2662ff1ea821", "best_bid": "0.43", "best_ask": "0.44"}, {"asset_id": "72392264258230870796011784251756958130679822179554057734962978782410770260489", "price": "0.64", "size": "543.55", "side": "SELL", "hash": "caf371ac5fddbfd03fa8c442689201dba79d730d", "best_bid": "0.56", "best_ask": "0.57"}], "timestamp": "1769384262730", "event_type": "price_change"}}
{"_local_timestamp": "2026-01-25T23:38:06.366553+00:00", "data": {"market": "0xbeda18055fdc1f5bce0934e2500ed4ee82745b4c78b109e04e8dcf69f98d5d02", "price_changes": [{"asset_id": "1721314828785517746980964825401510699361790864946226663151397689590042697451", "price": "0.12", "size": "3500", "side": "BUY", "hash": "3081018334e96d2d6ae38869af59d73fc79e0b84", "best_bid": "0.43", "best_ask": "0.44"}, {"asset_id": "72392264258230870796011784251756958130679822179554057734962978782410770260489", "price": "0.88", "size": "3500", "side": "SELL", "hash": "9593328062006ff1f2f31341885a80fa162e1552", "best_bid": "0.56", "best_ask": "0.57"}], "timestamp": "1769384286288", "event_type": "price_change"}}
{"_local_timestamp": "2026-01-25T23:38:10.442674+00:00", "data": {"market": "0xbeda18055fdc1f5bce0934e2500ed4ee82745b4c78b109e04e8dcf69f98d5d02", "price_changes": [{"asset_id": "1721314828785517746980964825401510699361790864946226663151397689590042697451", "price": "0.11", "size": "579.54", "side": "BUY", "hash": "a39391fca42fbf6a9814e6f1223fdf73ff74e20d", "best_bid": "0.43", "best_ask": "0.44"}, {"asset_id": "72392264258230870796011784251756958130679822179554057734962978782410770260489", "price": "0.89", "size": "579.54", "side": "SELL", "hash": "91e7c8e905e7d98d2246d84a1e62aca177dbe404", "best_bid": "0.56", "best_ask": "0.57"}], "timestamp": "1769384290304", "event_type": "price_change"}}
{"_local_timestamp": "2026-01-25T23:38:10.459529+00:00", "data": {"market": "0xbeda18055fdc1f5bce0934e2500ed4ee82745b4c78b109e04e8dcf69f98d5d02", "price_changes": [{"asset_id": "1721314828785517746980964825401510699361790864946226663151397689590042697451", "price": "0.13", "size": "3847", "side": "BUY", "hash": "dab9606c284bc294446beed67c07cdc21d9025fb", "best_bid": "0.43", "best_ask": "0.44"}, {"asset_id": "72392264258230870796011784251756958130679822179554057734962978782410770260489", "price": "0.87", "size": "3847", "side": "SELL", "hash": "2b7b834813d9340a1a965d0d0aa3df9201833d3c", "best_bid": "0.56", "best_ask": "0.57"}], "timestamp": "1769384290330", "event_type": "price_change"}}
{"_local_timestamp": "2026-01-25T23:38:15.157604+00:00", "data": {"market": "0xbeda18055fdc1f5bce0934e2500ed4ee82745b4c78b109e04e8dcf69f98d5d02", "price_changes": [{"asset_id": "72392264258230870796011784251756958130679822179554057734962978782410770260489", "price": "0.6", "size": "143.63", "side": "SELL", "hash": "13ae67209a1dee2c3826b08e3a2cff045ae8d337", "best_bid": "0.56", "best_ask": "0.57"}, {"asset_id": "1721314828785517746980964825401510699361790864946226663151397689590042697451", "price": "0.4", "size": "143.63", "side": "BUY", "hash": "5d248bda10a0077e8ce990ff86df454799b76491", "best_bid": "0.43", "best_ask": "0.44"}], "timestamp": "1769384295068", "event_type": "price_change"}}
{"_local_timestamp": "2026-01-25T23:38:32.921179+00:00", "data": {"market": "0xbeda18055fdc1f5bce0934e2500ed4ee82745b4c78b109e04e8dcf69f98d5d02", "price_changes": [{"asset_id": "1721314828785517746980964825401510699361790864946226663151397689590042697451", "price": "0.11", "size": "629.54", "side": "BUY", "hash": "c2b8e6c2e52b54d5a63ccd57f5339806909aa577", "best_bid": "0.43", "best_ask": "0.44"}, {"asset_id": "72392264258230870796011784251756958130679822179554057734962978782410770260489", "price": "0.89", "size": "629.54", "side": "SELL", "hash": "b93dfedaf0d4fe55ea229eeaefe3f2413d52c701", "best_bid": "0.56", "best_ask": "0.57"}], "timestamp": "1769384312833", "event_type": "price_change"}}
{"_local_timestamp": "2026-01-25T23:38:41.551591+00:00", "data": {"market": "0xbeda18055fdc1f5bce0934e2500ed4ee82745b4c78b109e04e8dcf69f98d5d02", "price_changes": [{"asset_id": "1721314828785517746980964825401510699361790864946226663151397689590042697451", "price": "0.15", "size": "0", "side": "BUY", "hash": "1d9e5a50409721f8bd85fa616fd325cbbffb8b38", "best_bid": "0.43", "best_ask": "0.44"}, {"asset_id": "72392264258230870796011784251756958130679822179554057734962978782410770260489", "price": "0.85", "size": "0", "side": "SELL", "hash": "3f82636b8adde970b34b44845e03affaf7b0768e", "best_bid": "0.56", "best_ask": "0.57"}], "timestamp": "1769384321401", "event_type": "price_change"}}
{"_local_timestamp": "2026-01-25T23:38:41.832715+00:00", "data": {"market": "0xbeda18055fdc1f5bce0934e2500ed4ee82745b4c78b109e04e8dcf69f98d5d02", "price_changes": [{"asset_id": "1721314828785517746980964825401510699361790864946226663151397689590042697451", "price": "0.11", "size": "854.54", "side": "BUY", "hash": "01a368f4a5cef5169b7dda42ec701a6b2afcca45", "best_bid": "0.43", "best_ask": "0.44"}, {"asset_id": "72392264258230870796011784251756958130679822179554057734962978782410770260489", "price": "0.89", "size": "854.54", "side": "SELL", "hash": "3b01025a6fdc309e18dedbed383b61d5921887ed", "best_bid": "0.56", "best_ask": "0.57"}], "timestamp": "1769384321673", "event_type": "price_change"}}
{"_local_timestamp": "2026-01-25T23:38:58.306984+00:00", "data": {"market": "0xbeda18055fdc1f5bce0934e2500ed4ee82745b4c78b109e04e8dcf69f98d5d02", "price_changes": [{"asset_id": "1721314828785517746980964825401510699361790864946226663151397689590042697451", "price": "0.11", "size": "729.54", "side": "BUY", "hash": "35da725550f90015e442c340444c21aade8bf2d1", "best_bid": "0.43", "best_ask": "0.44"}, {"asset_id": "72392264258230870796011784251756958130679822179554057734962978782410770260489", "price": "0.89", "size": "729.54", "side": "SELL", "hash": "e8d1ca53a8a4b0898ec2b63723407d52f803c619", "best_bid": "0.56", "best_ask": "0.57"}], "timestamp": "1769384338207", "event_type": "price_change"}}
{"_local_timestamp": "2026-01-25T23:38:59.078456+00:00", "data": {"market": "0xbeda18055fdc1f5bce0934e2500ed4ee82745b4c78b109e04e8dcf69f98d5d02", "price_changes": [{"asset_id": "1721314828785517746980964825401510699361790864946226663151397689590042697451", "price": "0.15", "size": "125", "side": "BUY", "hash": "fae3cc45bae3a957ba4928b7783b1dd83f57edba", "best_bid": "0.43", "best_ask": "0.44"}, {"asset_id": "72392264258230870796011784251756958130679822179554057734962978782410770260489", "price": "0.85", "size": "125", "side": "SELL", "hash": "6331b2e381eb249e44d84a8682df30156bb6a1ed", "best_bid": "0.56", "best_ask": "0.57"}], "timestamp": "1769384338682", "event_type": "price_change"}}
