{"_local_timestamp": "2026-01-25T23:41:07.529773+00:00", "data": [{"market": "0xbeda18055fdc1f5bce0934e2500ed4ee82745b4c78b109e04e8dcf69f98d5d02", "asset_id": "1721314828785517746980964825401510699361790864946226663151397689590042697451", "timestamp": "1769384440571", "hash": "9f2e32862dadb27d516ca7f6b752409eee038cf7", "bids": [{"price": "0.01", "size": "8019.73"}, {"price": "0.02", "size": "1750"}, {"price": "0.03", "size": "10.35"}, {"price": "0.04", "size": "3063.93"}, {"price": "0.05", "size": "250"}, {"price": "0.07", "size": "985.71"}, {"price": "0.09", "size": "355.55"}, {"price": "0.1", "size": "2206.91"}, {"price": "0.11", "size": "254.54"}, {"price": "0.12", "size": "3500"}, {"price": "0.13", "size": "4247"}, {"price": "0.14", "size": "185.71"}, {"price": "0.15", "size": "200"}, {"price": "0.16", "size": "550"}, {"price": "0.18", "size": "118.08"}, {"price": "0.21", "size": "300"}, {"price": "0.22", "size": "119.6"}, {"price": "0.26", "size": "10"}, {"price": "0.27", "size": "218.86"}, {"price": "0.28", "size": "200"}, {"price": "0.29", "size": "239.57"}, {"price": "0.3", "size": "316.09"}, {"price": "0.31", "size": "1165"}, {"price": "0.33", "size": "807"}, {"price": "0.34", "size": "10"}, {"price": "0.35", "size": "244.11"}, {"price": "0.36", "size": "543.55"}, {"price": "0.37", "size": "64.05"}, {"price": "0.38", "size": "260"}, {"price": "0.39", "size": "5327.4"}, {"price": "0.4", "size": "143.63"}, {"price": "0.41", "size": "412.17"}, {"price": "0.42", "size": "253"}, {"price": "0.43", "size": "775.15"}], "asks": [{"price": "0.99", "size": "5610.3"}, {"price": "0.98", "size": "1000"}, {"price": "0.97", "size": "10.65"}, {"price": "0.96", "size": "2750"}, {"price": "0.95", "size": "30"}, {"price": "0.94", "size": "1300"}, {"price": "0.93", "size": "250"}, {"price": "0.92", "size": "425"}, {"price": "0.9", "size": "10"}, {"price": "0.89", "size": "296.15"}, {"price": "0.86", "size": "1892"}, {"price": "0.83", "size": "152.94"}, {"price": "0.82", "size": "2782"}, {"price": "0.81", "size": "200"}, {"price": "0.8", "size": "120"}, {"price": "0.78", "size": "290.9"}, {"price": "0.74", "size": "150"}, {"price": "0.72", "size": "5"}, {"price": "0.55", "size": "50"}, {"price": "0.52", "size": "27.08"}, {"price": "0.5", "size": "26.76"}, {"price": "0.49", "size": "105"}, {"price": "0.48", "size": "50.64"}, {"price": "0.47", "size": "2098.01"}, {"price": "0.46", "size": "1171.25"}, {"price": "0.45", "size": "6632.9"}, {"price": "0.44", "size": "453.08"}], "event_type": "book", "last_trade_price": "0.430"}, {"market": "0xbeda18055fdc1f5bce0934e2500ed4ee82745b4c78b109e04e8dcf69f98d5d02", "asset_id": "72392264258230870796011784251756958130679822179554057734962978782410770260489", "timestamp": "1769384440571", "hash": "4797f59a69486b2cfb912820b2e342216ea07f67", "bids": [{"price": "0.01", "size": "5610.3"}, {"price": "0.02", "size": "1000"}, {"price": "0.03", "size": "10.65"}, {"price": "0.04", "size": "2750"}, {"price": "0.05", "size": "30"}, {"price": "0.06", "size": "1300"}, {"price": "0.07", "size": "250"}, {"price": "0.08", "size": "425"}, {"price": "0.1", "size": "10"}, {"price": "0.11", "size": "296.15"}, {"price": "0.14", "size": "1892"}, {"price": "0.17", "size": "152.94"}, {"price": "0.18", "size": "2782"}, {"price": "0.19", "size": "200"}, {"price": "0.2", "size": "120"}, {"price": "0.22", "size": "290.9"}, {"price": "0.26", "size": "150"}, {"price": "0.28", "size": "5"}, {"price": "0.45", "size": "50"}, {"price": "0.48", "size": "27.08"}, {"price": "0.5", "size": "26.76"}, {"price": "0.51", "size": "105"}, {"price": "0.52", "size": "50.64"}, {"price": "0.53", "size": "2098.01"}, {"price": "0.54", "size": "1171.25"}, {"price": "0.55", "size": "6632.9"}, {"price": "0.56", "size": "453.08"}], "asks": [{"price": "0.99", "size": "8019.73"}, {"price": "0.98", "size": "1750"}, {"price": "0.97", "size": "10.35"}, {"price": "0.96", "size": "3063.93"}, {"price": "0.95", "size": "250"}, {"price": "0.93", "size": "985.71"}, {"price": "0.91", "size": "355.55"}, {"price": "0.9", "size": "2206.91"}, {"price": "0.89", "size": "254.54"}, {"price": "0.88", "size": "3500"}, {"price": "0.87", "size": "4247"}, {"price": "0.86", "size": "185.71"}, {"price": "0.85", "size": "200"}, {"price": "0.84", "size": "550"}, {"price": "0.82", "size": "118.08"}, {"price": "0.79", "size": "300"}, {"price": "0.78", "size": "119.6"}, {"price": "0.74", "size": "10"}, {"price": "0.73", "size": "218.86"}, {"price": "0.72", "size": "200"}, {"price": "0.71", "size": "239.57"}, {"price": "0.7", "size": "316.09"}, {"price": "0.69", "size": "1165"}, {"price": "0.67", "size": "807"}, {"price": "0.66", "size": "10"}, {"price": "0.65", "size": "244.11"}, {"price": "0.64", "size": "543.55"}, {"price": "0.63", "size": "64.05"}, {"price": "0.62", "size": "260"}, {"price": "0.61", "size": "5327.4"}, {"price": "0.6", "size": "143.63"}, {"price": "0.59", "size": "412.17"}, {"price": "0.58", "size": "253"}, {"price": "0.57", "size": "775.15"}], "event_type": "book", "last_trade_price": "0.430"}]}
{"_local_timestamp": "2026-01-25T23:41:12.648707+00:00", "data": {"market": "0xbeda18055fdc1f5bce0934e2500ed4ee82745b4c78b109e04e8dcf69f98d5d02", "price_changes": [{"asset_id": "1721314828785517746980964825401510699361790864946226663151397689590042697451", "price": "0.36", "size": "552.55", "side": "BUY", "hash": "f0f2f5c4cb57bb0dd8159126ad35a23df01929cd", "best_bid": "0.43", "best_ask": "0.44"}, {"asset_id": "72392264258230870796011784251756958130679822179554057734962978782410770260489", "price": "0.64", "size": "552.55", "side": "SELL", "hash": "ea1312ee8329aae750253e20baf9f5f6304d0b6d", "best_bid": "0.56", "best_ask": "0.57"}], "timestamp": "1769384472570", "event_type": "price_change"}}
{"_local_timestamp": "2026-01-25T23:41:12.658914+00:00", "data": {"market": "0xbeda18055fdc1f5bce0934e2500ed4ee82745b4c78b109e04e8dcf69f98d5d02", "price_changes": [{"asset_id": "1721314828785517746980964825401510699361790864946226663151397689590042697451", "price": "0.31", "size": "1184", "side": "BUY", "hash": "26ba4e2c50a4991fea9fdb5f8f11d49358cdbc8e", "best_bid": "0.43", "best_ask": "0.44"}, {"asset_id": "72392264258230870796011784251756958130679822179554057734962978782410770260489", "price": "0.69", "size": "1184", "side": "SELL", "hash": "5a5a386d7995e8972f6dbefbcf2a8452731d99ba", "best_bid": "0.56", "best_ask": "0.57"}], "timestamp": "1769384472571", "event_type": "price_change"}}
{"_local_timestamp": "2026-01-25T23:41:14.735676+00:00", "data": {"market": "0xbeda18055fdc1f5bce0934e2500ed4ee82745b4c78b109e04e8dcf69f98d5d02", "price_changes": [{"asset_id": "1721314828785517746980964825401510699361790864946226663151397689590042697451", "price": "0.12", "size": "0", "side": "BUY", "hash": "23700635d5db99c7f7de44342065188a52701f3d", "best_bid": "0.43", "best_ask": "0.44"}, {"asset_id": "72392264258230870796011784251756958130679822179554057734962978782410770260489", "price": "0.88", "size": "0", "side": "SELL", "hash": "7fcc242383ba8004b67bd9174bb7d170726c18aa", "best_bid": "0.56", "best_ask": "0.57"}], "timestamp": "1769384474536", "event_type": "price_change"}}
{"_local_timestamp": "2026-01-25T23:41:20.745733+00:00", "data": {"market": "0xbeda18055fdc1f5bce0934e2500ed4ee82745b4c78b109e04e8dcf69f98d5d02", "price_changes": [{"asset_id": "1721314828785517746980964825401510699361790864946226663151397689590042697451", "price": "0.13", "size": "400", "side": "BUY", "hash": "5d2ffc21164a1a73919a58c3f786850197d4027e", "best_bid": "0.43", "best_ask": "0.44"}, {"asset_id": "72392264258230870796011784251756958130679822179554057734962978782410770260489", "price": "0.87", "size": "400", "side": "SELL", "hash": "4922af67773698e439c9372a2f1e466c2ad99825", "best_bid": "0.56", "best_ask": "0.57"}], "timestamp": "1769384480656", "event_type": "price_change"}}
{"_local_timestamp": "2026-01-25T23:41:20.781549+00:00", "data": {"market": "0xbeda18055fdc1f5bce0934e2500ed4ee82745b4c78b109e04e8dcf69f98d5d02", "price_changes": [{"asset_id": "1721314828785517746980964825401510699361790864946226663151397689590042697451", "price": "0.11", "size": "4800.54", "side": "BUY", "hash": "4ba6f9ea1b3711864da7f8d9422d9d0edd2fd2db", "best_bid": "0.43", "best_ask": "0.44"}, {"asset_id": "72392264258230870796011784251756958130679822179554057734962978782410770260489", "price": "0.89", "size": "4800.54", "side": "SELL", "hash": "8ba746982b330be0483ba94a1352269cdad9d964", "best_bid": "0.56", "best_ask": "0.57"}], "timestamp": "1769384480697", "event_type": "price_change"}}
{"_local_timestamp": "2026-01-25T23:41:35.455727+00:00", "data": {"market": "0xbeda18055fdc1f5bce0934e2500ed4ee82745b4c78b109e04e8dcf69f98d5d02", "price_changes": [{"asset_id": "1721314828785517746980964825401510699361790864946226663151397689590042697451", "price": "0.14", "size": "3183.71", "side": "BUY", "hash": "c34a20a0592c6bb6f525be61c914f933e31eea6e", "best_bid": "0.43", "best_ask": "0.44"}, {"asset_id": "72392264258230870796011784251756958130679822179554057734962978782410770260489", "price": "0.86", "size": "3183.71", "side": "SELL", "hash": "f5cedcfee084fa0f69fc6973d45ceac2c6a41afe", "best_bid": "0.56", "best_ask": "0.57"}], "timestamp": "1769384495376", "event_type": "price_change"}}
{"_local_timestamp": "2026-01-25T23:41:37.848679+00:00", "data": {"market": "0xbeda18055fdc1f5bce0934e2500ed4ee82745b4c78b109e04e8dcf69f98d5d02", "price_changes": [{"asset_id": "1721314828785517746980964825401510699361790864946226663151397689590042697451", "price": "0.11", "size": "254.54", "side": "BUY", "hash": "c39e98c6b9f7c976cf9e6d98e7681da349105546", "best_bid": "0.43", "best_ask": "0.44"}, {"asset_id": "72392264258230870796011784251756958130679822179554057734962978782410770260489", "price": "0.89", "size": "254.54", "side": "SELL", "hash": "a79f8ab92bf06e20def0d85507c08358dd9bce8c", "best_bid": "0.56", "best_ask": "0.57"}], "timestamp": "1769384497764", "event_type": "price_change"}}
{"_local_timestamp": "2026-01-25T23:41:37.849313+00:00", "data": {"market": "0xbeda18055fdc1f5bce0934e2500ed4ee82745b4c78b109e04e8dcf69f98d5d02", "price_changes": [{"asset_id": "1721314828785517746980964825401510699361790864946226663151397689590042697451", "price": "0.15", "size": "3534", "side": "BUY", "hash": "292cc7eb12c21cb3fc1202e97486e9a4d966842d", "best_bid": "0.43", "best_ask": "0.44"}, {"asset_id": "72392264258230870796011784251756958130679822179554057734962978782410770260489", "price": "0.85", "size": "3534", "side": "SELL", "hash": "60cf3e4f27d29479e59e22ea5fcb1a3e3abff437", "best_bid": "0.56", "best_ask": "0.57"}], "timestamp": "1769384497777", "event_type": "price_change"}}
{"_local_timestamp": "2026-01-25T23:41:48.546998+00:00", "data": {"market": "0xbeda18055fdc1f5bce0934e2500ed4ee82745b4c78b109e04e8dcf69f98d5d02", "price_changes": [{"asset_id": "72392264258230870796011784251756958130679822179554057734962978782410770260489", "price": "0.6", "size": "175.63", "side": "SELL", "hash": "a5bb1178412deca56ff3b8b30135857a03572d1b", "best_bid": "0.56", "best_ask": "0.57"}, {"asset_id": "1721314828785517746980964825401510699361790864946226663151397689590042697451", "price": "0.4", "size": "175.63", "side": "BUY", "hash": "28b018ce8817d325a21f4d9c23cad7cf8c8efa8e", "best_bid": "0.43", "best_ask": "0.44"}], "timestamp": "1769384508475", "event_type": "price_change"}}
{"_local_timestamp": "2026-01-25T23:41:50.859895+00:00", "data": {"market": "0xbeda18055fdc1f5bce0934e2500ed4ee82745b4c78b109e04e8dcf69f98d5d02", "price_changes": [{"asset_id": "1721314828785517746980964825401510699361790864946226663151397689590042697451", "price": "0.15", "size": "3334", "side": "BUY", "hash": "1a05b5508b9aa8cf012234598ef08a0f5eaecb46", "best_bid": "0.43", "best_ask": "0.44"}, {"asset_id": "72392264258230870796011784251756958130679822179554057734962978782410770260489", "price": "0.85", "size": "3334", "side": "SELL", "hash": "555cb7b91171003368a797adeeedcd52b04be20b", "best_bid": "0.56", "best_ask": "0.57"}], "timestamp": "1769384510732", "event_type": "price_change"}}
{"_local_timestamp": "2026-01-25T23:41:52.714655+00:00", "data": {"market": "0xbeda18055fdc1f5bce0934e2500ed4ee82745b4c78b109e04e8dcf69f98d5d02", "price_changes": [{"asset_id": "1721314828785517746980964825401510699361790864946226663151397689590042697451", "price": "0.13", "size": "600", "side": "BUY", "hash": "cbdf2b313c06890df73f2f078f387ec28cd5494e", "best_bid": "0.43", "best_ask": "0.44"}, {"asset_id": "72392264258230870796011784251756958130679822179554057734962978782410770260489", "price": "0.87", "size": "600", "side": "SELL", "hash": "9d31ddf51d43319c3909d01da9bc393da1261886", "best_bid": "0.56", "best_ask": "0.57"}], "timestamp": "1769384511766", "event_type": "price_change"}}
