{"_local_timestamp": "2026-01-25T23:33:16.896782+00:00", "data": [{"market": "0x22ac5f75af18fdb453497fbf7ac0606a09a6fd55b78b2d08aace6b946ad62038", "asset_id": "97449340182256366014320155718265676486703217567849039806162053075113517266910", "timestamp": "1769383983388", "hash": "342d24683a8dd817d154df76023f556b92d24a38", "bids": [{"price": "0.001", "size": "265.37"}, {"price": "0.002", "size": "81.25"}, {"price": "0.003", "size": "339.25"}, {"price": "0.004", "size": "21.39"}, {"price": "0.008", "size": "20.23"}, {"price": "0.009", "size": "133.06"}, {"price": "0.01", "size": "284.45"}, {"price": "0.011", "size": "198.88"}, {"price": "0.013", "size": "8.33"}, {"price": "0.02", "size": "283"}, {"price": "0.023", "size": "6.31"}, {"price": "0.024", "size": "139.3"}, {"price": "0.065", "size": "70"}], "asks": [{"price": "0.999", "size": "3641.69"}, {"price": "0.998", "size": "1250"}, {"price": "0.997", "size": "1406.75"}, {"price": "0.994", "size": "200"}, {"price": "0.993", "size": "15.91"}, {"price": "0.99", "size": "23"}, {"price": "0.989", "size": "21.36"}, {"price": "0.95", "size": "40"}, {"price": "0.91", "size": "400"}, {"price": "0.909", "size": "6.9"}, {"price": "0.86", "size": "242.85"}, {"price": "0.81", "size": "168.42"}, {"price": "0.8", "size": "5"}, {"price": "0.777", "size": "165"}, {"price": "0.77", "size": "121.73"}, {"price": "0.72", "size": "92.85"}, {"price": "0.67", "size": "72.72"}, {"price": "0.63", "size": "54.05"}, {"price": "0.5", "size": "22.72"}, {"price": "0.477", "size": "149"}, {"price": "0.47", "size": "900"}, {"price": "0.469", "size": "5"}, {"price": "0.38", "size": "25.2"}, {"price": "0.35", "size": "107.01"}, {"price": "0.277", "size": "89"}, {"price": "0.215", "size": "5"}, {"price": "0.177", "size": "189"}, {"price": "0.16", "size": "21.21"}, {"price": "0.089", "size": "47.14"}, {"price": "0.076", "size": "16.73"}, {"price": "0.075", "size": "108.9"}, {"price": "0.074", "size": "15.67"}, {"price": "0.07", "size": "254.35"}, {"price": "0.069", "size": "33"}], "event_type": "book", "last_trade_price": "0.931"}, {"market": "0x22ac5f75af18fdb453497fbf7ac0606a09a6fd55b78b2d08aace6b946ad62038", "asset_id": "59259495934562596318644973716893809974860301509869285036503555129962149752635", "timestamp": "1769383983388", "hash": "b961a0280260c4233b06c9942b731e8e11edc690", "bids": [{"price": "0.001", "size": "3641.69"}, {"price": "0.002", "size": "1250"}, {"price": "0.003", "size": "1406.75"}, {"price": "0.006", "size": "200"}, {"price": "0.007", "size": "15.91"}, {"price": "0.01", "size": "23"}, {"price": "0.011", "size": "21.36"}, {"price": "0.05", "size": "40"}, {"price": "0.09", "size": "400"}, {"price": "0.091", "size": "6.9"}, {"price": "0.14", "size": "242.85"}, {"price": "0.19", "size": "168.42"}, {"price": "0.2", "size": "5"}, {"price": "0.223", "size": "165"}, {"price": "0.23", "size": "121.73"}, {"price": "0.28", "size": "92.85"}, {"price": "0.33", "size": "72.72"}, {"price": "0.37", "size": "54.05"}, {"price": "0.5", "size": "22.72"}, {"price": "0.523", "size": "149"}, {"price": "0.53", "size": "900"}, {"price": "0.531", "size": "5"}, {"price": "0.62", "size": "25.2"}, {"price": "0.65", "size": "107.01"}, {"price": "0.723", "size": "89"}, {"price": "0.785", "size": "5"}, {"price": "0.823", "size": "189"}, {"price": "0.84", "size": "21.21"}, {"price": "0.911", "size": "47.14"}, {"price": "0.924", "size": "16.73"}, {"price": "0.925", "size": "108.9"}, {"price": "0.926", "size": "15.67"}, {"price": "0.93", "size": "254.35"}, {"price": "0.931", "size": "33"}], "asks": [{"price": "0.999", "size": "265.37"}, {"price": "0.998", "size": "81.25"}, {"price": "0.997", "size": "339.25"}, {"price": "0.996", "size": "21.39"}, {"price": "0.992", "size": "20.23"}, {"price": "0.991", "size": "133.06"}, {"price": "0.99", "size": "284.45"}, {"price": "0.989", "size": "198.88"}, {"price": "0.987", "size": "8.33"}, {"price": "0.98", "size": "283"}, {"price": "0.977", "size": "6.31"}, {"price": "0.976", "size": "139.3"}, {"price": "0.935", "size": "70"}], "event_type": "book", "last_trade_price": "0.931"}]}
{"_local_timestamp": "2026-01-25T23:33:22.117511+00:00", "data": {"market": "0x22ac5f75af18fdb453497fbf7ac0606a09a6fd55b78b2d08aace6b946ad62038", "price_changes": [{"asset_id": "97449340182256366014320155718265676486703217567849039806162053075113517266910", "price": "0.013", "size": "0", "side": "BUY", "hash": "bb6914b44bc9b14af5474c69ac2147f695debf6a", "best_bid": "0.065", "best_ask": "0.069"}, {"asset_id": "59259495934562596318644973716893809974860301509869285036503555129962149752635", "price": "0.987", "size": "0", "side": "SELL", "hash": "2796b9f2298d55b5d2774cd597246238aa6116e7", "best_bid": "0.931", "best_ask": "0.935"}], "timestamp": "1769384002006", "event_type": "price_change"}}
{"_local_timestamp": "2026-01-25T23:33:22.385468+00:00", "data": {"market": "0x22ac5f75af18fdb453497fbf7ac0606a09a6fd55b78b2d08aace6b946ad62038", "price_changes": [{"asset_id": "97449340182256366014320155718265676486703217567849039806162053075113517266910", "price": "0.025", "size": "22.23", "side": "BUY", "hash": "2f55fbae97ae35f7a3d92e4d640f0cb54acb461a", "best_bid": "0.065", "best_ask": "0.069"}, {"asset_id": "59259495934562596318644973716893809974860301509869285036503555129962149752635", "price": "0.975", "size": "22.23", "side": "SELL", "hash": "c1bfd0509d6d2d81949107941360382ad5339dc9", "best_bid": "0.931", "best_ask": "0.935"}], "timestamp": "1769384002318", "event_type": "price_change"}}
{"_local_timestamp": "2026-01-25T23:33:22.389488+00:00", "data": {"market": "0x22ac5f75af18fdb453497fbf7ac0606a09a6fd55b78b2d08aace6b946ad62038", "price_changes": [{"asset_id": "97449340182256366014320155718265676486703217567849039806162053075113517266910", "price": "0.009", "size": "138.32", "side": "BUY", "hash": "1b0f6f782cc6451c3668f032657ab3f6e11a0fe6", "best_bid": "0.065", "best_ask": "0.069"}, {"asset_id": "59259495934562596318644973716893809974860301509869285036503555129962149752635", "price": "0.991", "size": "138.32", "side": "SELL", "hash": "34d7873e7bfe848e8c6b0e4235f41ad67692e881", "best_bid": "0.931", "best_ask": "0.935"}], "timestamp": "1769384002320", "event_type": "price_change"}}
{"_local_timestamp": "2026-01-25T23:33:22.391290+00:00", "data": {"market": "0x22ac5f75af18fdb453497fbf7ac0606a09a6fd55b78b2d08aace6b946ad62038", "price_changes": [{"asset_id": "97449340182256366014320155718265676486703217567849039806162053075113517266910", "price": "0.012", "size": "16.44", "side": "BUY", "hash": "6bf244b190ba56730ebb1dc4a1e865e2b2e332dd", "best_bid": "0.065", "best_ask": "0.069"}, {"asset_id": "59259495934562596318644973716893809974860301509869285036503555129962149752635", "price": "0.988", "size": "16.44", "side": "SELL", "hash": "d2f1905ee7fba4bdb168bc0824c4c37d4122b834", "best_bid": "0.931", "best_ask": "0.935"}], "timestamp": "1769384002321", "event_type": "price_change"}}
{"_local_timestamp": "2026-01-25T23:33:22.691113+00:00", "data": {"market": "0x22ac5f75af18fdb453497fbf7ac0606a09a6fd55b78b2d08aace6b946ad62038", "price_changes": [{"asset_id": "59259495934562596318644973716893809974860301509869285036503555129962149752635", "price": "0.989", "size": "0", "side": "SELL", "hash": "600d2742e74424d55fc1e4d9fe8b45cc6e976ef4", "best_bid": "0.931", "best_ask": "0.935"}, {"asset_id": "97449340182256366014320155718265676486703217567849039806162053075113517266910", "price": "0.011", "size": "0", "side": "BUY", "hash": "b8f4b2f3ddf5a26a70c03cec5a29a308e87194da", "best_bid": "0.065", "best_ask": "0.069"}], "timestamp": "1769384002623", "event_type": "price_change"}}
{"_local_timestamp": "2026-01-25T23:33:22.938845+00:00", "data": {"market": "0x22ac5f75af18fdb453497fbf7ac0606a09a6fd55b78b2d08aace6b946ad62038", "price_changes": [{"asset_id": "59259495934562596318644973716893809974860301509869285036503555129962149752635", "price": "0.987", "size": "198.88", "side": "SELL", "hash": "48c305ceeccd43a7fb932e942d40ffa5e17233be", "best_bid": "0.931", "best_ask": "0.935"}, {"asset_id": "97449340182256366014320155718265676486703217567849039806162053075113517266910", "price": "0.013", "size": "198.88", "side": "BUY", "hash": "3301919263ff1be00c67f37a064ed11b68d2410d", "best_bid": "0.065", "best_ask": "0.069"}], "timestamp": "1769384002864", "event_type": "price_change"}}
{"_local_timestamp": "2026-01-25T23:33:23.914414+00:00", "data": {"market": "0x22ac5f75af18fdb453497fbf7ac0606a09a6fd55b78b2d08aace6b946ad62038", "price_changes": [{"asset_id": "97449340182256366014320155718265676486703217567849039806162053075113517266910", "price": "0.009", "size": "133.06", "side": "BUY", "hash": "e38f55228f880fea027e323ddc17b556eecc64b3", "best_bid": "0.065", "best_ask": "0.069"}, {"asset_id": "59259495934562596318644973716893809974860301509869285036503555129962149752635", "price": "0.991", "size": "133.06", "side": "SELL", "hash": "1b427e9991ae62d92bd3375f1e300716662837b1", "best_bid": "0.931", "best_ask": "0.935"}], "timestamp": "1769384003813", "event_type": "price_change"}}
{"_local_timestamp": "2026-01-25T23:33:23.914856+00:00", "data": {"market": "0x22ac5f75af18fdb453497fbf7ac0606a09a6fd55b78b2d08aace6b946ad62038", "price_changes": [{"asset_id": "97449340182256366014320155718265676486703217567849039806162053075113517266910", "price": "0.012", "size": "0", "side": "BUY", "hash": "e38f55228f880fea027e323ddc17b556eecc64b3", "best_bid": "0.065", "best_ask": "0.069"}, {"asset_id": "59259495934562596318644973716893809974860301509869285036503555129962149752635", "price": "0.988", "size": "0", "side": "SELL", "hash": "1b427e9991ae62d92bd3375f1e300716662837b1", "best_bid": "0.931", "best_ask": "0.935"}], "timestamp": "1769384003813", "event_type": "price_change"}}
{"_local_timestamp": "2026-01-25T23:33:24.268007+00:00", "data": {"market": "0x22ac5f75af18fdb453497fbf7ac0606a09a6fd55b78b2d08aace6b946ad62038", "price_changes": [{"asset_id": "97449340182256366014320155718265676486703217567849039806162053075113517266910", "price": "0.014", "size": "12.68", "side": "BUY", "hash": "99b03a107be10b3ecad2b7a6217e82c28713a88d", "best_bid": "0.065", "best_ask": "0.069"}, {"asset_id": "59259495934562596318644973716893809974860301509869285036503555129962149752635", "price": "0.986", "size": "12.68", "side": "SELL", "hash": "7ea9e7635b5ed006b05e16114b4f9fd401d24d53", "best_bid": "0.931", "best_ask": "0.935"}], "timestamp": "1769384004198", "event_type": "price_change"}}
{"_local_timestamp": "2026-01-25T23:33:24.281240+00:00", "data": {"market": "0x22ac5f75af18fdb453497fbf7ac0606a09a6fd55b78b2d08aace6b946ad62038", "price_changes": [{"asset_id": "97449340182256366014320155718265676486703217567849039806162053075113517266910", "price": "0.01", "size": "291.15", "side": "BUY", "hash": "06816c9b59ff6f390d6116cf1871f18f877d1be8", "best_bid": "0.065", "best_ask": "0.069"}, {"asset_id": "59259495934562596318644973716893809974860301509869285036503555129962149752635", "price": "0.99", "size": "291.15", "side": "SELL", "hash": "8825146b3436cb2a1e03227134eb7943af198bfb", "best_bid": "0.931", "best_ask": "0.935"}], "timestamp": "1769384004204", "event_type": "price_change"}}
{"_local_timestamp": "2026-01-25T23:33:24.437304+00:00", "data": {"market": "0x22ac5f75af18fdb453497fbf7ac0606a09a6fd55b78b2d08aace6b946ad62038", "price_changes": [{"asset_id": "59259495934562596318644973716893809974860301509869285036503555129962149752635", "price": "0.987", "size": "0", "side": "SELL", "hash": "dc343aefe984f465d8d9de681e8b183c0948cab8", "best_bid": "0.931", "best_ask": "0.935"}, {"asset_id": "97449340182256366014320155718265676486703217567849039806162053075113517266910", "price": "0.013", "size": "0", "side": "BUY", "hash": "3d128aa7b0fb5ed6db14e4ad32300e39ba2fc14a", "best_bid": "0.065", "best_ask": "0.069"}], "timestamp": "1769384004364", "event_type": "price_change"}}
{"_local_timestamp": "2026-01-25T23:33:24.747477+00:00", "data": {"market": "0x22ac5f75af18fdb453497fbf7ac0606a09a6fd55b78b2d08aace6b946ad62038", "price_changes": [{"asset_id": "97449340182256366014320155718265676486703217567849039806162053075113517266910", "price": "0.002", "size": "74.89", "side": "BUY", "hash": "e2d7f99c8e4766284e9e7d05e47e6a2504c8a6dc", "best_bid": "0.065", "best_ask": "0.069"}, {"asset_id": "59259495934562596318644973716893809974860301509869285036503555129962149752635", "price": "0.998", "size": "74.89", "side": "SELL", "hash": "1463e0491d55052aef3e7d9b062c3394c87221aa", "best_bid": "0.931", "best_ask": "0.935"}], "timestamp": "1769384004666", "event_type": "price_change"}}
{"_local_timestamp": "2026-01-25T23:33:24.791385+00:00", "data": {"market": "0x22ac5f75af18fdb453497fbf7ac0606a09a6fd55b78b2d08aace6b946ad62038", "price_changes": [{"asset_id": "59259495934562596318644973716893809974860301509869285036503555129962149752635", "price": "0.989", "size": "198.88", "side": "SELL", "hash": "e2e3d9829ffa7a131dd2b60e454deabf0e8be41e", "best_bid": "0.931", "best_ask": "0.935"}, {"asset_id": "97449340182256366014320155718265676486703217567849039806162053075113517266910", "price": "0.011", "size": "198.88", "side": "BUY", "hash": "fe58cb756778bf9dc21f4edf53df61419a134876", "best_bid": "0.065", "best_ask": "0.069"}], "timestamp": "1769384004724", "event_type": "price_change"}}
{"_local_timestamp": "2026-01-25T23:33:25.198630+00:00", "data": {"market": "0x22ac5f75af18fdb453497fbf7ac0606a09a6fd55b78b2d08aace6b946ad62038", "price_changes": [{"asset_id": "97449340182256366014320155718265676486703217567849039806162053075113517266910", "price": "0.011", "size": "204.58", "side": "BUY", "hash": "547675b29d0b9363a5251b07362cd64740276943", "best_bid": "0.065", "best_ask": "0.069"}, {"asset_id": "59259495934562596318644973716893809974860301509869285036503555129962149752635", "price": "0.989", "size": "204.58", "side": "SELL", "hash": "62efce55bea858395b99fde1e7b63bc00d9b3523", "best_bid": "0.931", "best_ask": "0.935"}], "timestamp": "1769384005124", "event_type": "price_change"}}
{"_local_timestamp": "2026-01-25T23:33:25.199183+00:00", "data": {"market": "0x22ac5f75af18fdb453497fbf7ac0606a09a6fd55b78b2d08aace6b946ad62038", "price_changes": [{"asset_id": "97449340182256366014320155718265676486703217567849039806162053075113517266910", "price": "0.015", "size": "11.08", "side": "BUY", "hash": "69538d06f867fd9df9f17caffd84fde400f6934c", "best_bid": "0.065", "best_ask": "0.069"}, {"asset_id": "59259495934562596318644973716893809974860301509869285036503555129962149752635", "price": "0.985", "size": "11.08", "side": "SELL", "hash": "a57948b3cdaaf28e8d3caf9d97c099be42f9ba87", "best_bid": "0.931", "best_ask": "0.935"}], "timestamp": "1769384005125", "event_type": "price_change"}}
{"_local_timestamp": "2026-01-25T23:33:25.199748+00:00", "data": {"market": "0x22ac5f75af18fdb453497fbf7ac0606a09a6fd55b78b2d08aace6b946ad62038", "price_changes": [{"asset_id": "97449340182256366014320155718265676486703217567849039806162053075113517266910", "price": "0.026", "size": "20.94", "side": "BUY", "hash": "9cc545c3cf84fdd512f385d7e615782a82923b7a", "best_bid": "0.065", "best_ask": "0.069"}, {"asset_id": "59259495934562596318644973716893809974860301509869285036503555129962149752635", "price": "0.974", "size": "20.94", "side": "SELL", "hash": "ec8034670ee2bb3b54c09f85539f8e2cc39f003e", "best_bid": "0.931", "best_ask": "0.935"}], "timestamp": "1769384005126", "event_type": "price_change"}}
{"_local_timestamp": "2026-01-25T23:33:25.201827+00:00", "data": {"market": "0x22ac5f75af18fdb453497fbf7ac0606a09a6fd55b78b2d08aace6b946ad62038", "price_changes": [{"asset_id": "97449340182256366014320155718265676486703217567849039806162053075113517266910", "price": "0.004", "size": "28.07", "side": "BUY", "hash": "40d3a59d3c1f73aff1889e417b9dd5e9d8949788", "best_bid": "0.065", "best_ask": "0.069"}, {"asset_id": "59259495934562596318644973716893809974860301509869285036503555129962149752635", "price": "0.996", "size": "28.07", "side": "SELL", "hash": "b7d79c9a7d95744e166d361e319e032764efd770", "best_bid": "0.931", "best_ask": "0.935"}], "timestamp": "1769384005128", "event_type": "price_change"}}
{"_local_timestamp": "2026-01-25T23:33:25.675216+00:00", "data": {"market": "0x22ac5f75af18fdb453497fbf7ac0606a09a6fd55b78b2d08aace6b946ad62038", "price_changes": [{"asset_id": "59259495934562596318644973716893809974860301509869285036503555129962149752635", "price": "0.989", "size": "5.7", "side": "SELL", "hash": "1622265c47b9cdfb842c57af7dad468a00ea5ef8", "best_bid": "0.931", "best_ask": "0.935"}, {"asset_id": "97449340182256366014320155718265676486703217567849039806162053075113517266910", "price": "0.011", "size": "5.7", "side": "BUY", "hash": "04092eefd1d04c255a7f5dd952367bf3c4cee335", "best_bid": "0.065", "best_ask": "0.069"}], "timestamp": "1769384005607", "event_type": "price_change"}}
{"_local_timestamp": "2026-01-25T23:33:26.108635+00:00", "data": {"market": "0x22ac5f75af18fdb453497fbf7ac0606a09a6fd55b78b2d08aace6b946ad62038", "price_changes": [{"asset_id": "59259495934562596318644973716893809974860301509869285036503555129962149752635", "price": "0.988", "size": "198.88", "side": "SELL", "hash": "f967ee90dba5adfc8c71ce21581b567bd497190a", "best_bid": "0.931", "best_ask": "0.935"}, {"asset_id": "97449340182256366014320155718265676486703217567849039806162053075113517266910", "price": "0.012", "size": "198.88", "side": "BUY", "hash": "0b909693822abfbc22d51cd2099af948fb07044d", "best_bid": "0.065", "best_ask": "0.069"}], "timestamp": "1769384006039", "event_type": "price_change"}}
{"_local_timestamp": "2026-01-25T23:33:48.282024+00:00", "data": {"market": "0x22ac5f75af18fdb453497fbf7ac0606a09a6fd55b78b2d08aace6b946ad62038", "price_changes": [{"asset_id": "97449340182256366014320155718265676486703217567849039806162053075113517266910", "price": "0.004", "size": "0", "side": "BUY", "hash": "3b53a8b100cb035d5fb100b8af4a67509a966e2a", "best_bid": "0.065", "best_ask": "0.069"}, {"asset_id": "59259495934562596318644973716893809974860301509869285036503555129962149752635", "price": "0.996", "size": "0", "side": "SELL", "hash": "5a35c63c7d807d16eff3dd0058345a51f646870b", "best_bid": "0.931", "best_ask": "0.935"}], "timestamp": "1769384028206", "event_type": "price_change"}}
{"_local_timestamp": "2026-01-25T23:33:48.283927+00:00", "data": {"market": "0x22ac5f75af18fdb453497fbf7ac0606a09a6fd55b78b2d08aace6b946ad62038", "price_changes": [{"asset_id": "97449340182256366014320155718265676486703217567849039806162053075113517266910", "price": "0.026", "size": "0", "side": "BUY", "hash": "3b53a8b100cb035d5fb100b8af4a67509a966e2a", "best_bid": "0.065", "best_ask": "0.069"}, {"asset_id": "59259495934562596318644973716893809974860301509869285036503555129962149752635", "price": "0.974", "size": "0", "side": "SELL", "hash": "5a35c63c7d807d16eff3dd0058345a51f646870b", "best_bid": "0.931", "best_ask": "0.935"}], "timestamp": "1769384028206", "event_type": "price_change"}}
{"_local_timestamp": "2026-01-25T23:33:48.284352+00:00", "data": {"market": "0x22ac5f75af18fdb453497fbf7ac0606a09a6fd55b78b2d08aace6b946ad62038", "price_changes": [{"asset_id": "97449340182256366014320155718265676486703217567849039806162053075113517266910", "price": "0.015", "size": "0", "side": "BUY", "hash": "3b53a8b100cb035d5fb100b8af4a67509a966e2a", "best_bid": "0.065", "best_ask": "0.069"}, {"asset_id": "59259495934562596318644973716893809974860301509869285036503555129962149752635", "price": "0.985", "size": "0", "side": "SELL", "hash": "5a35c63c7d807d16eff3dd0058345a51f646870b", "best_bid": "0.931", "best_ask": "0.935"}], "timestamp": "1769384028206", "event_type": "price_change"}}
{"_local_timestamp": "2026-01-25T23:33:48.284723+00:00", "data": {"market": "0x22ac5f75af18fdb453497fbf7ac0606a09a6fd55b78b2d08aace6b946ad62038", "price_changes": [{"asset_id": "97449340182256366014320155718265676486703217567849039806162053075113517266910", "price": "0.011", "size": "0", "side": "BUY", "hash": "3b53a8b100cb035d5fb100b8af4a67509a966e2a", "best_bid": "0.065", "best_ask": "0.069"}, {"asset_id": "59259495934562596318644973716893809974860301509869285036503555129962149752635", "price": "0.989", "size": "0", "side": "SELL", "hash": "5a35c63c7d807d16eff3dd0058345a51f646870b", "best_bid": "0.931", "best_ask": "0.935"}], "timestamp": "1769384028206", "event_type": "price_change"}}
{"_local_timestamp": "2026-01-25T23:33:48.285092+00:00", "data": {"market": "0x22ac5f75af18fdb453497fbf7ac0606a09a6fd55b78b2d08aace6b946ad62038", "price_changes": [{"asset_id": "97449340182256366014320155718265676486703217567849039806162053075113517266910", "price": "0.01", "size": "284.45", "side": "BUY", "hash": "3b53a8b100cb035d5fb100b8af4a67509a966e2a", "best_bid": "0.065", "best_ask": "0.069"}, {"asset_id": "59259495934562596318644973716893809974860301509869285036503555129962149752635", "price": "0.99", "size": "284.45", "side": "SELL", "hash": "5a35c63c7d807d16eff3dd0058345a51f646870b", "best_bid": "0.931", "best_ask": "0.935"}], "timestamp": "1769384028206", "event_type": "price_change"}}
{"_local_timestamp": "2026-01-25T23:33:48.285467+00:00", "data": {"market": "0x22ac5f75af18fdb453497fbf7ac0606a09a6fd55b78b2d08aace6b946ad62038", "price_changes": [{"asset_id": "97449340182256366014320155718265676486703217567849039806162053075113517266910", "price": "0.014", "size": "0", "side": "BUY", "hash": "3b53a8b100cb035d5fb100b8af4a67509a966e2a", "best_bid": "0.065", "best_ask": "0.069"}, {"asset_id": "59259495934562596318644973716893809974860301509869285036503555129962149752635", "price": "0.986", "size": "0", "side": "SELL", "hash": "5a35c63c7d807d16eff3dd0058345a51f646870b", "best_bid": "0.931", "best_ask": "0.935"}], "timestamp": "1769384028206", "event_type": "price_change"}}
{"_local_timestamp": "2026-01-25T23:33:48.285804+00:00", "data": {"market": "0x22ac5f75af18fdb453497fbf7ac0606a09a6fd55b78b2d08aace6b946ad62038", "price_changes": [{"asset_id": "97449340182256366014320155718265676486703217567849039806162053075113517266910", "price": "0.025", "size": "0", "side": "BUY", "hash": "3b53a8b100cb035d5fb100b8af4a67509a966e2a", "best_bid": "0.065", "best_ask": "0.069"}, {"asset_id": "59259495934562596318644973716893809974860301509869285036503555129962149752635", "price": "0.975", "size": "0", "side": "SELL", "hash": "5a35c63c7d807d16eff3dd0058345a51f646870b", "best_bid": "0.931", "best_ask": "0.935"}], "timestamp": "1769384028206", "event_type": "price_change"}}
{"_local_timestamp": "2026-01-25T23:33:48.286134+00:00", "data": {"market": "0x22ac5f75af18fdb453497fbf7ac0606a09a6fd55b78b2d08aace6b946ad62038", "price_changes": [{"asset_id": "97449340182256366014320155718265676486703217567849039806162053075113517266910", "price": "0.002", "size": "64.41", "side": "BUY", "hash": "3b53a8b100cb035d5fb100b8af4a67509a966e2a", "best_bid": "0.065", "best_ask": "0.069"}, {"asset_id": "59259495934562596318644973716893809974860301509869285036503555129962149752635", "price": "0.998", "size": "64.41", "side": "SELL", "hash": "5a35c63c7d807d16eff3dd0058345a51f646870b", "best_bid": "0.931", "best_ask": "0.935"}], "timestamp": "1769384028206", "event_type": "price_change"}}
{"_local_timestamp": "2026-01-25T23:33:48.286455+00:00", "data": {"market": "0x22ac5f75af18fdb453497fbf7ac0606a09a6fd55b78b2d08aace6b946ad62038", "price_changes": [{"asset_id": "97449340182256366014320155718265676486703217567849039806162053075113517266910", "price": "0.003", "size": "332", "side": "BUY", "hash": "3b53a8b100cb035d5fb100b8af4a67509a966e2a", "best_bid": "0.065", "best_ask": "0.069"}, {"asset_id": "59259495934562596318644973716893809974860301509869285036503555129962149752635", "price": "0.997", "size": "332", "side": "SELL", "hash": "5a35c63c7d807d16eff3dd0058345a51f646870b", "best_bid": "0.931", "best_ask": "0.935"}], "timestamp": "1769384028206", "event_type": "price_change"}}
{"_local_timestamp": "2026-01-25T23:33:50.517664+00:00", "data": {"market": "0x22ac5f75af18fdb453497fbf7ac0606a09a6fd55b78b2d08aace6b946ad62038", "price_changes": [{"asset_id": "59259495934562596318644973716893809974860301509869285036503555129962149752635", "price": "0.988", "size": "0", "side": "SELL", "hash": "c65c5b29542a55a56b050790d25cc56de903a8d2", "best_bid": "0.931", "best_ask": "0.935"}, {"asset_id": "97449340182256366014320155718265676486703217567849039806162053075113517266910", "price": "0.012", "size": "0", "side": "BUY", "hash": "a48e3a7b4a6031a048fd678961628e417d415300", "best_bid": "0.065", "best_ask": "0.069"}], "timestamp": "1769384030449", "event_type": "price_change"}}
{"_local_timestamp": "2026-01-25T23:33:52.142773+00:00", "data": {"market": "0x22ac5f75af18fdb453497fbf7ac0606a09a6fd55b78b2d08aace6b946ad62038", "price_changes": [{"asset_id": "97449340182256366014320155718265676486703217567849039806162053075113517266910", "price": "0.003", "size": "337.54", "side": "BUY", "hash": "92e41edab33b881ff20728595fb38b6d957c9464", "best_bid": "0.065", "best_ask": "0.069"}, {"asset_id": "59259495934562596318644973716893809974860301509869285036503555129962149752635", "price": "0.997", "size": "337.54", "side": "SELL", "hash": "a6af9ff3a735be30eb32de60ff8adbbefef93141", "best_bid": "0.931", "best_ask": "0.935"}], "timestamp": "1769384032062", "event_type": "price_change"}}
{"_local_timestamp": "2026-01-25T23:33:52.143979+00:00", "data": {"market": "0x22ac5f75af18fdb453497fbf7ac0606a09a6fd55b78b2d08aace6b946ad62038", "price_changes": [{"asset_id": "97449340182256366014320155718265676486703217567849039806162053075113517266910", "price": "0.002", "size": "72.76", "side": "BUY", "hash": "8c06ac7a7f6a1d0949ead0ecdc8db1d1d28a3c8d", "best_bid": "0.065", "best_ask": "0.069"}, {"asset_id": "59259495934562596318644973716893809974860301509869285036503555129962149752635", "price": "0.998", "size": "72.76", "side": "SELL", "hash": "139d63505c8ebfb6cc4af7101cd74f4b3adca278", "best_bid": "0.931", "best_ask": "0.935"}], "timestamp": "1769384032063", "event_type": "price_change"}}
{"_local_timestamp": "2026-01-25T23:33:53.005410+00:00", "data": {"market": "0x22ac5f75af18fdb453497fbf7ac0606a09a6fd55b78b2d08aace6b946ad62038", "price_changes": [{"asset_id": "97449340182256366014320155718265676486703217567849039806162053075113517266910", "price": "0.011", "size": "5.76", "side": "BUY", "hash": "4e48e63024cc50c8310c9e0646effdbede8ffb3b", "best_bid": "0.065", "best_ask": "0.069"}, {"asset_id": "59259495934562596318644973716893809974860301509869285036503555129962149752635", "price": "0.989", "size": "5.76", "side": "SELL", "hash": "022fef5bdf39082ab9a2129e03aa5d8f02977a0c", "best_bid": "0.931", "best_ask": "0.935"}], "timestamp": "1769384032920", "event_type": "price_change"}}
{"_local_timestamp": "2026-01-25T23:33:53.008143+00:00", "data": {"market": "0x22ac5f75af18fdb453497fbf7ac0606a09a6fd55b78b2d08aace6b946ad62038", "price_changes": [{"asset_id": "97449340182256366014320155718265676486703217567849039806162053075113517266910", "price": "0.004", "size": "28.52", "side": "BUY", "hash": "8130fee26b9c6a858997d0893790a87fd89c947b", "best_bid": "0.065", "best_ask": "0.069"}, {"asset_id": "59259495934562596318644973716893809974860301509869285036503555129962149752635", "price": "0.996", "size": "28.52", "side": "SELL", "hash": "eaf8a5793583684137279b273974bd17e64c3d28", "best_bid": "0.931", "best_ask": "0.935"}], "timestamp": "1769384032921", "event_type": "price_change"}}
{"_local_timestamp": "2026-01-25T23:33:53.009416+00:00", "data": {"market": "0x22ac5f75af18fdb453497fbf7ac0606a09a6fd55b78b2d08aace6b946ad62038", "price_changes": [{"asset_id": "97449340182256366014320155718265676486703217567849039806162053075113517266910", "price": "0.026", "size": "21.15", "side": "BUY", "hash": "9540af8e055336a43baf4c40bda80d174418756e", "best_bid": "0.065", "best_ask": "0.069"}, {"asset_id": "59259495934562596318644973716893809974860301509869285036503555129962149752635", "price": "0.974", "size": "21.15", "side": "SELL", "hash": "304d868164504ae2d9768c0f8d6faeb13bb157ca", "best_bid": "0.931", "best_ask": "0.935"}], "timestamp": "1769384032922", "event_type": "price_change"}}
{"_local_timestamp": "2026-01-25T23:33:53.009852+00:00", "data": {"market": "0x22ac5f75af18fdb453497fbf7ac0606a09a6fd55b78b2d08aace6b946ad62038", "price_changes": [{"asset_id": "97449340182256366014320155718265676486703217567849039806162053075113517266910", "price": "0.015", "size": "11.19", "side": "BUY", "hash": "bf9ddc4f75adedd7cf6a346a5d78e2d0771a0a99", "best_bid": "0.065", "best_ask": "0.069"}, {"asset_id": "59259495934562596318644973716893809974860301509869285036503555129962149752635", "price": "0.985", "size": "11.19", "side": "SELL", "hash": "9666de6303ea7ad0dc59049fa2e4f37e1bd38fee", "best_bid": "0.931", "best_ask": "0.935"}], "timestamp": "1769384032923", "event_type": "price_change"}}
{"_local_timestamp": "2026-01-25T23:33:53.717556+00:00", "data": {"market": "0x22ac5f75af18fdb453497fbf7ac0606a09a6fd55b78b2d08aace6b946ad62038", "price_changes": [{"asset_id": "59259495934562596318644973716893809974860301509869285036503555129962149752635", "price": "0.989", "size": "204.64", "side": "SELL", "hash": "9c3b572d4a6cfe24f241fb66a97e922132a5c81f", "best_bid": "0.931", "best_ask": "0.935"}, {"asset_id": "97449340182256366014320155718265676486703217567849039806162053075113517266910", "price": "0.011", "size": "204.64", "side": "BUY", "hash": "e5f399839949b0cf22b36065f0fe40ab4223c7c6", "best_bid": "0.065", "best_ask": "0.069"}], "timestamp": "1769384033651", "event_type": "price_change"}}
{"_local_timestamp": "2026-01-25T23:33:56.383916+00:00", "data": {"market": "0x22ac5f75af18fdb453497fbf7ac0606a09a6fd55b78b2d08aace6b946ad62038", "price_changes": [{"asset_id": "59259495934562596318644973716893809974860301509869285036503555129962149752635", "price": "0.989", "size": "5.76", "side": "SELL", "hash": "75db5986895ceedaa65b33414521a88bfcac64ce", "best_bid": "0.931", "best_ask": "0.935"}, {"asset_id": "97449340182256366014320155718265676486703217567849039806162053075113517266910", "price": "0.011", "size": "5.76", "side": "BUY", "hash": "e0e427a861b9a1b45e64fee85be9d1525e4dac1a", "best_bid": "0.065", "best_ask": "0.069"}], "timestamp": "1769384036316", "event_type": "price_change"}}
{"_local_timestamp": "2026-01-25T23:33:59.337746+00:00", "data": {"market": "0x22ac5f75af18fdb453497fbf7ac0606a09a6fd55b78b2d08aace6b946ad62038", "price_changes": [{"asset_id": "59259495934562596318644973716893809974860301509869285036503555129962149752635", "price": "0.988", "size": "198.88", "side": "SELL", "hash": "541b640d28b97ac53116e4f3207812db06a3e1e9", "best_bid": "0.931", "best_ask": "0.935"}, {"asset_id": "97449340182256366014320155718265676486703217567849039806162053075113517266910", "price": "0.012", "size": "198.88", "side": "BUY", "hash": "6e169b7613822b34eeb8a5de75b8fd953961dd19", "best_bid": "0.065", "best_ask": "0.069"}], "timestamp": "1769384039261", "event_type": "price_change"}}
{"_local_timestamp": "2026-01-25T23:33:59.804761+00:00", "data": {"market": "0x22ac5f75af18fdb453497fbf7ac0606a09a6fd55b78b2d08aace6b946ad62038", "price_changes": [{"asset_id": "59259495934562596318644973716893809974860301509869285036503555129962149752635", "price": "0.785", "size": "0", "side": "BUY", "hash": "051fb3d3e912f2690043ea01d82e240ab34e1413", "best_bid": "0.931", "best_ask": "0.935"}, {"asset_id": "97449340182256366014320155718265676486703217567849039806162053075113517266910", "price": "0.215", "size": "0", "side": "SELL", "hash": "66b384d8fe41ccbd9adfa05690bee88505c2d21e", "best_bid": "0.065", "best_ask": "0.069"}], "timestamp": "1769384039731", "event_type": "price_change"}}
