{"_local_timestamp": "2026-01-25T23:33:48.184644+00:00", "data": [{"market": "0xc71ae60417a812b0a16d7eca04bbd5db4a330a56b3c8cb4fe254f2a7b77207f3", "asset_id": "46179339716073735090378675674664043208832842430526090272895953783274864770185", "timestamp": "1769384020565", "hash": "6561f091e386c453589149b81d611b9d3cab1c8f", "bids": [{"price": "0.01", "size": "5609.76"}, {"price": "0.02", "size": "2200"}, {"price": "0.03", "size": "9.12"}, {"price": "0.05", "size": "30"}, {"price": "0.08", "size": "1250"}, {"price": "0.09", "size": "6.98"}, {"price": "0.13", "size": "261.53"}, {"price": "0.14", "size": "550"}, {"price": "0.17", "size": "188.23"}, {"price": "0.2", "size": "455"}, {"price": "0.21", "size": "893.33"}, {"price": "0.22", "size": "2108"}, {"price": "0.25", "size": "5"}, {"price": "0.26", "size": "100"}, {"price": "0.27", "size": "105"}, {"price": "0.28", "size": "357"}, {"price": "0.3", "size": "80"}, {"price": "0.34", "size": "183.82"}, {"price": "0.55", "size": "20"}, {"price": "0.6", "size": "500"}, {"price": "0.71", "size": "18.3"}, {"price": "0.72", "size": "15.27"}, {"price": "0.78", "size": "380.97"}, {"price": "0.79", "size": "800"}, {"price": "0.81", "size": "1050"}, {"price": "0.82", "size": "180"}, {"price": "0.83", "size": "1219.08"}], "asks": [{"price": "0.99", "size": "4606.97"}, {"price": "0.98", "size": "3077.2"}, {"price": "0.97", "size": "11.77"}, {"price": "0.96", "size": "1500"}, {"price": "0.94", "size": "216.66"}, {"price": "0.93", "size": "78.57"}, {"price": "0.92", "size": "7.21"}, {"price": "0.88", "size": "55"}, {"price": "0.87", "size": "500"}, {"price": "0.86", "size": "550"}, {"price": "0.85", "size": "18338.14"}], "event_type": "book", "last_trade_price": "0.840"}, {"market": "0xc71ae60417a812b0a16d7eca04bbd5db4a330a56b3c8cb4fe254f2a7b77207f3", "asset_id": "100441399760622064650840625494872216181329090159239475460428335733835379523137", "timestamp": "1769384020565", "hash": "19eb8987902d091380ada8151d891295baba3a33", "bids": [{"price": "0.01", "size": "4606.97"}, {"price": "0.02", "size": "3077.2"}, {"price": "0.03", "size": "11.77"}, {"price": "0.04", "size": "1500"}, {"price": "0.06", "size": "216.66"}, {"price": "0.07", "size": "78.57"}, {"price": "0.08", "size": "7.21"}, {"price": "0.12", "size": "55"}, {"price": "0.13", "size": "500"}, {"price": "0.14", "size": "550"}, {"price": "0.15", "size": "18338.14"}], "asks": [{"price": "0.99", "size": "5609.76"}, {"price": "0.98", "size": "2200"}, {"price": "0.97", "size": "9.12"}, {"price": "0.95", "size": "30"}, {"price": "0.92", "size": "1250"}, {"price": "0.91", "size": "6.98"}, {"price": "0.87", "size": "261.53"}, {"price": "0.86", "size": "550"}, {"price": "0.83", "size": "188.23"}, {"price": "0.8", "size": "455"}, {"price": "0.79", "size": "893.33"}, {"price": "0.78", "size": "2108"}, {"price": "0.75", "size": "5"}, {"price": "0.74", "size": "100"}, {"price": "0.73", "size": "105"}, {"price": "0.72", "size": "357"}, {"price": "0.7", "size": "80"}, {"price": "0.66", "size": "183.82"}, {"price": "0.45", "size": "20"}, {"price": "0.4", "size": "500"}, {"price": "0.29", "size": "18.3"}, {"price": "0.28", "size": "15.27"}, {"price": "0.22", "size": "380.97"}, {"price": "0.21", "size": "800"}, {"price": "0.19", "size": "1050"}, {"price": "0.18", "size": "180"}, {"price": "0.17", "size": "1219.08"}], "event_type": "book", "last_trade_price": "0.840"}, {"market": "0xfa13efa033b68c664ba009a6187cb337969ee45f418f0958b4d3654a345c79ea", "asset_id": "14198420664819580603238555810652932631588491733675417168465407739911632492677", "timestamp": "1769384027414", "hash": "2ca7c63098ad6085f3eb8ee01489df4950f84a34", "bids": [{"price": "0.01", "size": "19300"}, {"price": "0.02", "size": "258.25"}, {"price": "0.03", "size": "14.95"}, {"price": "0.05", "size": "2080"}, {"price": "0.06", "size": "10948.6"}, {"price": "0.07", "size": "658"}, {"price": "0.08", "size": "1369.68"}, {"price": "0.09", "size": "0.39"}], "asks": [{"price": "0.99", "size": "7364.21"}, {"price": "0.98", "size": "2200"}, {"price": "0.97", "size": "250"}, {"price": "0.96", "size": "5.68"}, {"price": "0.95", "size": "30"}, {"price": "0.94", "size": "33"}, {"price": "0.91", "size": "1200"}, {"price": "0.9", "size": "6.3"}, {"price": "0.86", "size": "242.85"}, {"price": "0.85", "size": "600"}, {"price": "0.82", "size": "177.77"}, {"price": "0.8", "size": "400"}, {"price": "0.78", "size": "735"}, {"price": "0.77", "size": "2147.73"}, {"price": "0.72", "size": "142.85"}, {"price": "0.71", "size": "150"}, {"price": "0.68", "size": "75"}, {"price": "0.63", "size": "54.05"}, {"price": "0.61", "size": "1663"}, {"price": "0.44", "size": "3000"}, {"price": "0.28", "size": "1000"}, {"price": "0.2", "size": "10"}, {"price": "0.12", "size": "2833"}, {"price": "0.11", "size": "1747.1"}, {"price": "0.1", "size": "1079.36"}], "event_type": "book", "last_trade_price": "0.100"}, {"market": "0xfa13efa033b68c664ba009a6187cb337969ee45f418f0958b4d3654a345c79ea", "asset_id": "6969505512906397892758093530201478472799952923489958561611143885815628277167", "timestamp": "1769384027414", "hash": "8c635326d3b158e712597622cd01622d2967fba3", "bids": [{"price": "0.01", "size": "7364.21"}, {"price": "0.02", "size": "2200"}, {"price": "0.03", "size": "250"}, {"price": "0.04", "size": "5.68"}, {"price": "0.05", "size": "30"}, {"price": "0.06", "size": "33"}, {"price": "0.09", "size": "1200"}, {"price": "0.1", "size": "6.3"}, {"price": "0.14", "size": "242.85"}, {"price": "0.15", "size": "600"}, {"price": "0.18", "size": "177.77"}, {"price": "0.2", "size": "400"}, {"price": "0.22", "size": "735"}, {"price": "0.23", "size": "2147.73"}, {"price": "0.28", "size": "142.85"}, {"price": "0.29", "size": "150"}, {"price": "0.32", "size": "75"}, {"price": "0.37", "size": "54.05"}, {"price": "0.39", "size": "1663"}, {"price": "0.56", "size": "3000"}, {"price": "0.72", "size": "1000"}, {"price": "0.8", "size": "10"}, {"price": "0.88", "size": "2833"}, {"price": "0.89", "size": "1747.1"}, {"price": "0.9", "size": "1079.36"}], "asks": [{"price": "0.99", "size": "19300"}, {"price": "0.98", "size": "258.25"}, {"price": "0.97", "size": "14.95"}, {"price": "0.95", "size": "2080"}, {"price": "0.94", "size": "10948.6"}, {"price": "0.93", "size": "658"}, {"price": "0.92", "size": "1369.68"}, {"price": "0.91", "size": "0.39"}], "event_type": "book", "last_trade_price": "0.100"}]}
{"_local_timestamp": "2026-01-25T23:33:49.925325+00:00", "data": {"market": "0xfa13efa033b68c664ba009a6187cb337969ee45f418f0958b4d3654a345c79ea", "price_changes": [{"asset_id": "14198420664819580603238555810652932631588491733675417168465407739911632492677", "price": "0.08", "size": "1359.68", "side": "BUY", "hash": "176ffa9a8686f9556d51246aa04c8b6d092acc09", "best_bid": "0.09", "best_ask": "0.1"}, {"asset_id": "6969505512906397892758093530201478472799952923489958561611143885815628277167", "price": "0.92", "size": "1359.68", "side": "SELL", "hash": "e473f886859909ae8b21521c822f39d3de55f0c3", "best_bid": "0.9", "best_ask": "0.91"}], "timestamp": "1769384029854", "event_type": "price_change"}}
{"_local_timestamp": "2026-01-25T23:33:51.334484+00:00", "data": {"market": "0xfa13efa033b68c664ba009a6187cb337969ee45f418f0958b4d3654a345c79ea", "price_changes": [{"asset_id": "6969505512906397892758093530201478472799952923489958561611143885815628277167", "price": "0.89", "size": "1757.1", "side": "BUY", "hash": "fee964e331739cf612fe7fde7e18e3216ff664c0", "best_bid": "0.9", "best_ask": "0.91"}, {"asset_id": "14198420664819580603238555810652932631588491733675417168465407739911632492677", "price": "0.11", "size": "1757.1", "side": "SELL", "hash": "c6658a6e8fcf5738f9cdc6392dceb7fb919aba8d", "best_bid": "0.09", "best_ask": "0.1"}], "timestamp": "1769384031265", "event_type": "price_change"}}
{"_local_timestamp": "2026-01-25T23:33:56.334333+00:00", "data": {"market": "0xfa13efa033b68c664ba009a6187cb337969ee45f418f0958b4d3654a345c79ea", "price_changes": [{"asset_id": "6969505512906397892758093530201478472799952923489958561611143885815628277167", "price": "0.89", "size": "1747.1", "side": "BUY", "hash": "de75ae4090391d5d6c24c50c651b3933128a2428", "best_bid": "0.9", "best_ask": "0.91"}, {"asset_id": "14198420664819580603238555810652932631588491733675417168465407739911632492677", "price": "0.11", "size": "1747.1", "side": "SELL", "hash": "670e9088f990e9c69c4b0d2e7569060aed806e4f", "best_bid": "0.09", "best_ask": "0.1"}], "timestamp": "1769384036256", "event_type": "price_change"}}
{"_local_timestamp": "2026-01-25T23:33:57.767555+00:00", "data": {"market": "0xfa13efa033b68c664ba009a6187cb337969ee45f418f0958b4d3654a345c79ea", "price_changes": [{"asset_id": "14198420664819580603238555810652932631588491733675417168465407739911632492677", "price": "0.08", "size": "1369.68", "side": "BUY", "hash": "8b0e5e062f1782463f88a60ec822cc5f2bcacaca", "best_bid": "0.09", "best_ask": "0.1"}, {"asset_id": "6969505512906397892758093530201478472799952923489958561611143885815628277167", "price": "0.92", "size": "1369.68", "side": "SELL", "hash": "fb282db65024bff23f943b678a7fe7841576e0fa", "best_bid": "0.9", "best_ask": "0.91"}], "timestamp": "1769384037698", "event_type": "price_change"}}
{"_local_timestamp": "2026-01-25T23:33:57.838676+00:00", "data": {"market": "0xfa13efa033b68c664ba009a6187cb337969ee45f418f0958b4d3654a345c79ea", "price_changes": [{"asset_id": "14198420664819580603238555810652932631588491733675417168465407739911632492677", "price": "0.08", "size": "1359.68", "side": "BUY", "hash": "3d874a6a6ba4e8a644db8514ef9340187ec5b96a", "best_bid": "0.09", "best_ask": "0.1"}, {"asset_id": "6969505512906397892758093530201478472799952923489958561611143885815628277167", "price": "0.92", "size": "1359.68", "side": "SELL", "hash": "438d5dc5484f639416452907616a1f74d257869f", "best_bid": "0.9", "best_ask": "0.91"}], "timestamp": "1769384037770", "event_type": "price_change"}}
{"_local_timestamp": "2026-01-25T23:34:00.586433+00:00", "data": {"market": "0xfa13efa033b68c664ba009a6187cb337969ee45f418f0958b4d3654a345c79ea", "price_changes": [{"asset_id": "6969505512906397892758093530201478472799952923489958561611143885815628277167", "price": "0.89", "size": "1757.1", "side": "BUY", "hash": "f26057fccef18a9d03d91d79b057ee8a33b15316", "best_bid": "0.9", "best_ask": "0.91"}, {"asset_id": "14198420664819580603238555810652932631588491733675417168465407739911632492677", "price": "0.11", "size": "1757.1", "side": "SELL", "hash": "55595af36635ef4810b8a3683cf78ab3e161f619", "best_bid": "0.09", "best_ask": "0.1"}], "timestamp": "1769384040517", "event_type": "price_change"}}
{"_local_timestamp": "2026-01-25T23:34:06.488178+00:00", "data": {"market": "0xfa13efa033b68c664ba009a6187cb337969ee45f418f0958b4d3654a345c79ea", "price_changes": [{"asset_id": "6969505512906397892758093530201478472799952923489958561611143885815628277167", "price": "0.89", "size": "1747.1", "side": "BUY", "hash": "966400d707db7d1e103e1679f56ace1dc54f6016", "best_bid": "0.9", "best_ask": "0.91"}, {"asset_id": "14198420664819580603238555810652932631588491733675417168465407739911632492677", "price": "0.11", "size": "1747.1", "side": "SELL", "hash": "6109e16098d2fc79e90caa7223e2089a3f1fd370", "best_bid": "0.09", "best_ask": "0.1"}], "timestamp": "1769384046407", "event_type": "price_change"}}
{"_local_timestamp": "2026-01-25T23:34:08.137906+00:00", "data": {"market": "0xfa13efa033b68c664ba009a6187cb337969ee45f418f0958b4d3654a345c79ea", "price_changes": [{"asset_id": "6969505512906397892758093530201478472799952923489958561611143885815628277167", "price": "0.89", "size": "1757.1", "side": "BUY", "hash": "c630a425c8ec2cf3393de372cbd4233371bd4e59", "best_bid": "0.9", "best_ask": "0.91"}, {"asset_id": "14198420664819580603238555810652932631588491733675417168465407739911632492677", "price": "0.11", "size": "1757.1", "side": "SELL", "hash": "5baca0e4c32ce99b8f7003e8e024ef2df5e3575c", "best_bid": "0.09", "best_ask": "0.1"}], "timestamp": "1769384048023", "event_type": "price_change"}}
{"_local_timestamp": "2026-01-25T23:34:08.283318+00:00", "data": {"market": "0xfa13efa033b68c664ba009a6187cb337969ee45f418f0958b4d3654a345c79ea", "price_changes": [{"asset_id": "6969505512906397892758093530201478472799952923489958561611143885815628277167", "price": "0.89", "size": "1747.1", "side": "BUY", "hash": "e9d80af29dc495eaab106ebfc52ad50fc1ea4924", "best_bid": "0.9", "best_ask": "0.91"}, {"asset_id": "14198420664819580603238555810652932631588491733675417168465407739911632492677", "price": "0.11", "size": "1747.1", "side": "SELL", "hash": "b18940960fb3450a89c9b52f0292763749bfe93a", "best_bid": "0.09", "best_ask": "0.1"}], "timestamp": "1769384048210", "event_type": "price_change"}}
{"_local_timestamp": "2026-01-25T23:34:08.322968+00:00", "data": {"market": "0xfa13efa033b68c664ba009a6187cb337969ee45f418f0958b4d3654a345c79ea", "price_changes": [{"asset_id": "14198420664819580603238555810652932631588491733675417168465407739911632492677", "price": "0.08", "size": "1369.68", "side": "BUY", "hash": "402271b0509dff0ddf10eac3455e643b25457de3", "best_bid": "0.09", "best_ask": "0.1"}, {"asset_id": "6969505512906397892758093530201478472799952923489958561611143885815628277167", "price": "0.92", "size": "1369.68", "side": "SELL", "hash": "ffa52bcbc02935cecce20364942ea94f690fec68", "best_bid": "0.9", "best_ask": "0.91"}], "timestamp": "1769384048256", "event_type": "price_change"}}
{"_local_timestamp": "2026-01-25T23:34:12.858177+00:00", "data": {"market": "0xfa13efa033b68c664ba009a6187cb337969ee45f418f0958b4d3654a345c79ea", "price_changes": [{"asset_id": "14198420664819580603238555810652932631588491733675417168465407739911632492677", "price": "0.08", "size": "1359.68", "side": "BUY", "hash": "bac43baa0fc63d50e13681a20b5fd566c47144cd", "best_bid": "0.09", "best_ask": "0.1"}, {"asset_id": "6969505512906397892758093530201478472799952923489958561611143885815628277167", "price": "0.92", "size": "1359.68", "side": "SELL", "hash": "1cb11cc1930cfc922e2db4d7f5a9c4b469053853", "best_bid": "0.9", "best_ask": "0.91"}], "timestamp": "1769384052789", "event_type": "price_change"}}
{"_local_timestamp": "2026-01-25T23:34:14.957403+00:00", "data": {"market": "0xfa13efa033b68c664ba009a6187cb337969ee45f418f0958b4d3654a345c79ea", "price_changes": [{"asset_id": "6969505512906397892758093530201478472799952923489958561611143885815628277167", "price": "0.89", "size": "1757.1", "side": "BUY", "hash": "4a1d243f4aa210953065331b0d292e1c2e2d14cf", "best_bid": "0.9", "best_ask": "0.91"}, {"asset_id": "14198420664819580603238555810652932631588491733675417168465407739911632492677", "price": "0.11", "size": "1757.1", "side": "SELL", "hash": "e33adad79ea6f62c4f11ed00ea7cb54a24813ecb", "best_bid": "0.09", "best_ask": "0.1"}], "timestamp": "1769384054872", "event_type": "price_change"}}
{"_local_timestamp": "2026-01-25T23:34:17.662261+00:00", "data": {"market": "0xfa13efa033b68c664ba009a6187cb337969ee45f418f0958b4d3654a345c79ea", "price_changes": [{"asset_id": "6969505512906397892758093530201478472799952923489958561611143885815628277167", "price": "0.89", "size": "1747.1", "side": "BUY", "hash": "3dc727845f6cfd8fe83836d6511f3713f9b9d215", "best_bid": "0.9", "best_ask": "0.91"}, {"asset_id": "14198420664819580603238555810652932631588491733675417168465407739911632492677", "price": "0.11", "size": "1747.1", "side": "SELL", "hash": "db57bff61426a84ce6d1e83475f5b02af2a52788", "best_bid": "0.09", "best_ask": "0.1"}], "timestamp": "1769384057590", "event_type": "price_change"}}
{"_local_timestamp": "2026-01-25T23:34:18.701738+00:00", "data": {"market": "0xfa13efa033b68c664ba009a6187cb337969ee45f418f0958b4d3654a345c79ea", "price_changes": [{"asset_id": "14198420664819580603238555810652932631588491733675417168465407739911632492677", "price": "0.08", "size": "1369.68", "side": "BUY", "hash": "fddbe8b3419f5605cab1e232279b3bb655087ec6", "best_bid": "0.09", "best_ask": "0.1"}, {"asset_id": "6969505512906397892758093530201478472799952923489958561611143885815628277167", "price": "0.92", "size": "1369.68", "side": "SELL", "hash": "2a54585ab93ffcf15ab792d8c7840249b0839b51", "best_bid": "0.9", "best_ask": "0.91"}], "timestamp": "1769384058630", "event_type": "price_change"}}
{"_local_timestamp": "2026-01-25T23:34:18.893033+00:00", "data": {"market": "0xfa13efa033b68c664ba009a6187cb337969ee45f418f0958b4d3654a345c79ea", "price_changes": [{"asset_id": "14198420664819580603238555810652932631588491733675417168465407739911632492677", "price": "0.08", "size": "1359.68", "side": "BUY", "hash": "846ca2360b075e5c5e6bc075bb2b1c70a8d40307", "best_bid": "0.09", "best_ask": "0.1"}, {"asset_id": "6969505512906397892758093530201478472799952923489958561611143885815628277167", "price": "0.92", "size": "1359.68", "side": "SELL", "hash": "dcaea284fded7c4c046bda2c06eec45c452f850c", "best_bid": "0.9", "best_ask": "0.91"}], "timestamp": "1769384058819", "event_type": "price_change"}}
{"_local_timestamp": "2026-01-25T23:34:19.000504+00:00", "data": {"market": "0xfa13efa033b68c664ba009a6187cb337969ee45f418f0958b4d3654a345c79ea", "price_changes": [{"asset_id": "6969505512906397892758093530201478472799952923489958561611143885815628277167", "price": "0.89", "size": "1757.1", "side": "BUY", "hash": "932584a5fed2d6645c8fc65a2bb403d1ae23a7d2", "best_bid": "0.9", "best_ask": "0.91"}, {"asset_id": "14198420664819580603238555810652932631588491733675417168465407739911632492677", "price": "0.11", "size": "1757.1", "side": "SELL", "hash": "61fd3342e75c7be2f9e2a1477e8264d28e91920b", "best_bid": "0.09", "best_ask": "0.1"}], "timestamp": "1769384058931", "event_type": "price_change"}}
{"_local_timestamp": "2026-01-25T23:34:20.501316+00:00", "data": {"market": "0xfa13efa033b68c664ba009a6187cb337969ee45f418f0958b4d3654a345c79ea", "price_changes": [{"asset_id": "6969505512906397892758093530201478472799952923489958561611143885815628277167", "price": "0.89", "size": "1747.1", "side": "BUY", "hash": "c3e963c6432a54168f8a1326428859b6dce2d76e", "best_bid": "0.9", "best_ask": "0.91"}, {"asset_id": "14198420664819580603238555810652932631588491733675417168465407739911632492677", "price": "0.11", "size": "1747.1", "side": "SELL", "hash": "e5b2010fdb0832c86739098ccf80679e63a6703d", "best_bid": "0.09", "best_ask": "0.1"}], "timestamp": "1769384060424", "event_type": "price_change"}}
{"_local_timestamp": "2026-01-25T23:34:21.162180+00:00", "data": {"market": "0xfa13efa033b68c664ba009a6187cb337969ee45f418f0958b4d3654a345c79ea", "price_changes": [{"asset_id": "14198420664819580603238555810652932631588491733675417168465407739911632492677", "price": "0.08", "size": "1369.68", "side": "BUY", "hash": "c5780a15111a8636b780af964bda1d476f8496ab", "best_bid": "0.09", "best_ask": "0.1"}, {"asset_id": "6969505512906397892758093530201478472799952923489958561611143885815628277167", "price": "0.92", "size": "1369.68", "side": "SELL", "hash": "1ab98697e7138b0a513224928d3ded0c4c964066", "best_bid": "0.9", "best_ask": "0.91"}], "timestamp": "1769384061092", "event_type": "price_change"}}
{"_local_timestamp": "2026-01-25T23:34:21.321613+00:00", "data": {"market": "0xfa13efa033b68c664ba009a6187cb337969ee45f418f0958b4d3654a345c79ea", "price_changes": [{"asset_id": "14198420664819580603238555810652932631588491733675417168465407739911632492677", "price": "0.08", "size": "1359.68", "side": "BUY", "hash": "8b030dbfc8d34c70bc6b5eaf3c43d6694d9a0091", "best_bid": "0.09", "best_ask": "0.1"}, {"asset_id": "6969505512906397892758093530201478472799952923489958561611143885815628277167", "price": "0.92", "size": "1359.68", "side": "SELL", "hash": "36e4f552db9e7d2424eb8c5f56fe88beb23b4eca", "best_bid": "0.9", "best_ask": "0.91"}], "timestamp": "1769384061234", "event_type": "price_change"}}
{"_local_timestamp": "2026-01-25T23:34:21.340240+00:00", "data": {"market": "0xfa13efa033b68c664ba009a6187cb337969ee45f418f0958b4d3654a345c79ea", "price_changes": [{"asset_id": "14198420664819580603238555810652932631588491733675417168465407739911632492677", "price": "0.08", "size": "1369.68", "side": "BUY", "hash": "4af3b03d6ee9e713fb1767f5e85ec9418e0dfda3", "best_bid": "0.09", "best_ask": "0.1"}, {"asset_id": "6969505512906397892758093530201478472799952923489958561611143885815628277167", "price": "0.92", "size": "1369.68", "side": "SELL", "hash": "691d187fb473fc67b9eca7f1177fa76d6dccc669", "best_bid": "0.9", "best_ask": "0.91"}], "timestamp": "1769384061253", "event_type": "price_change"}}
{"_local_timestamp": "2026-01-25T23:34:25.144508+00:00", "data": {"market": "0xfa13efa033b68c664ba009a6187cb337969ee45f418f0958b4d3654a345c79ea", "price_changes": [{"asset_id": "14198420664819580603238555810652932631588491733675417168465407739911632492677", "price": "0.08", "size": "1359.68", "side": "BUY", "hash": "841e72875250b423098a6ec2d70cdd7f78263c76", "best_bid": "0.09", "best_ask": "0.1"}, {"asset_id": "6969505512906397892758093530201478472799952923489958561611143885815628277167", "price": "0.92", "size": "1359.68", "side": "SELL", "hash": "90745e944a4ffb102cee639505fea0a6cceefcfd", "best_bid": "0.9", "best_ask": "0.91"}], "timestamp": "1769384065075", "event_type": "price_change"}}
{"_local_timestamp": "2026-01-25T23:34:26.773183+00:00", "data": {"market": "0xfa13efa033b68c664ba009a6187cb337969ee45f418f0958b4d3654a345c79ea", "price_changes": [{"asset_id": "6969505512906397892758093530201478472799952923489958561611143885815628277167", "price": "0.89", "size": "1757.1", "side": "BUY", "hash": "69d35a51554cdc5c4247ae533cba93d98a933ef0", "best_bid": "0.9", "best_ask": "0.91"}, {"asset_id": "14198420664819580603238555810652932631588491733675417168465407739911632492677", "price": "0.11", "size": "1757.1", "side": "SELL", "hash": "b4803808262af7cb7fd07a6bda79773c6f9f984f", "best_bid": "0.09", "best_ask": "0.1"}], "timestamp": "1769384066689", "event_type": "price_change"}}
{"_local_timestamp": "2026-01-25T23:34:27.145664+00:00", "data": {"market": "0xfa13efa033b68c664ba009a6187cb337969ee45f418f0958b4d3654a345c79ea", "price_changes": [{"asset_id": "6969505512906397892758093530201478472799952923489958561611143885815628277167", "price": "0.89", "size": "1747.1", "side": "BUY", "hash": "74d52ef854218fcf0df4f7035669b6717fa3167e", "best_bid": "0.9", "best_ask": "0.91"}, {"asset_id": "14198420664819580603238555810652932631588491733675417168465407739911632492677", "price": "0.11", "size": "1747.1", "side": "SELL", "hash": "cc68feb2341fbfa9638d3b5933dd230289610635", "best_bid": "0.09", "best_ask": "0.1"}], "timestamp": "1769384067046", "event_type": "price_change"}}
{"_local_timestamp": "2026-01-25T23:34:27.370522+00:00", "data": {"market": "0xfa13efa033b68c664ba009a6187cb337969ee45f418f0958b4d3654a345c79ea", "price_changes": [{"asset_id": "14198420664819580603238555810652932631588491733675417168465407739911632492677", "price": "0.08", "size": "1369.68", "side": "BUY", "hash": "690508f5927c17db10b1daa92b3d82801bf94f01", "best_bid": "0.09", "best_ask": "0.1"}, {"asset_id": "6969505512906397892758093530201478472799952923489958561611143885815628277167", "price": "0.92", "size": "1369.68", "side": "SELL", "hash": "5dd2750d999c57391eed9d80f6731018c673306d", "best_bid": "0.9", "best_ask": "0.91"}], "timestamp": "1769384067296", "event_type": "price_change"}}
{"_local_timestamp": "2026-01-25T23:34:27.659716+00:00", "data": {"market": "0xfa13efa033b68c664ba009a6187cb337969ee45f418f0958b4d3654a345c79ea", "price_changes": [{"asset_id": "6969505512906397892758093530201478472799952923489958561611143885815628277167", "price": "0.29", "size": "50", "side": "BUY", "hash": "f62baca8e070a7401a1fe750504089d5b3ef627f", "best_bid": "0.9", "best_ask": "0.91"}, {"asset_id": "14198420664819580603238555810652932631588491733675417168465407739911632492677", "price": "0.71", "size": "50", "side": "SELL", "hash": "a60b54d7702fb6bf032965d0aa8ca7cd8e286623", "best_bid": "0.09", "best_ask": "0.1"}], "timestamp": "1769384067564", "event_type": "price_change"}}
{"_local_timestamp": "2026-01-25T23:34:27.660229+00:00", "data": {"market": "0xc71ae60417a812b0a16d7eca04bbd5db4a330a56b3c8cb4fe254f2a7b77207f3", "price_changes": [{"asset_id": "46179339716073735090378675674664043208832842430526090272895953783274864770185", "price": "0.27", "size": "5", "side": "BUY", "hash": "4c74b6168322708261aaa9c349ae1ceda66c2b49", "best_bid": "0.83", "best_ask": "0.85"}, {"asset_id": "100441399760622064650840625494872216181329090159239475460428335733835379523137", "price": "0.73", "size": "5", "side": "SELL", "hash": "3c06df1dcfc9d1dbf3373774e361acace4e7d723", "best_bid": "0.15", "best_ask": "0.17"}], "timestamp": "1769384067564", "event_type": "price_change"}}
{"_local_timestamp": "2026-01-25T23:34:28.316691+00:00", "data": {"market": "0xc71ae60417a812b0a16d7eca04bbd5db4a330a56b3c8cb4fe254f2a7b77207f3", "price_changes": [{"asset_id": "46179339716073735090378675674664043208832842430526090272895953783274864770185", "price": "0.22", "size": "2208", "side": "BUY", "hash": "1567b2b7ea5fb89aad8ccd972e641425d2cef2b1", "best_bid": "0.83", "best_ask": "0.85"}, {"asset_id": "100441399760622064650840625494872216181329090159239475460428335733835379523137", "price": "0.78", "size": "2208", "side": "SELL", "hash": "f0140302be694bfa7722a427b7c4cfb605a26e6f", "best_bid": "0.15", "best_ask": "0.17"}], "timestamp": "1769384068087", "event_type": "price_change"}}
{"_local_timestamp": "2026-01-25T23:34:28.327400+00:00", "data": {"market": "0xfa13efa033b68c664ba009a6187cb337969ee45f418f0958b4d3654a345c79ea", "price_changes": [{"asset_id": "6969505512906397892758093530201478472799952923489958561611143885815628277167", "price": "0.23", "size": "2247.73", "side": "BUY", "hash": "15c324f8243bf2c8b686b59cd6da2f7480fee650", "best_bid": "0.9", "best_ask": "0.91"}, {"asset_id": "14198420664819580603238555810652932631588491733675417168465407739911632492677", "price": "0.77", "size": "2247.73", "side": "SELL", "hash": "3a58323bebdc24357a7e4f702cc719f5c7c917c5", "best_bid": "0.09", "best_ask": "0.1"}], "timestamp": "1769384068086", "event_type": "price_change"}}
{"_local_timestamp": "2026-01-25T23:34:32.405053+00:00", "data": {"market": "0xfa13efa033b68c664ba009a6187cb337969ee45f418f0958b4d3654a345c79ea", "price_changes": [{"asset_id": "14198420664819580603238555810652932631588491733675417168465407739911632492677", "price": "0.08", "size": "1359.68", "side": "BUY", "hash": "a71b9c1f9f1085366686bab6d81c0135421876e2", "best_bid": "0.09", "best_ask": "0.1"}, {"asset_id": "6969505512906397892758093530201478472799952923489958561611143885815628277167", "price": "0.92", "size": "1359.68", "side": "SELL", "hash": "d9d1224e7238f03718494acaa09367696439e5d3", "best_bid": "0.9", "best_ask": "0.91"}], "timestamp": "1769384072317", "event_type": "price_change"}}
{"_local_timestamp": "2026-01-25T23:34:33.526961+00:00", "data": {"market": "0xfa13efa033b68c664ba009a6187cb337969ee45f418f0958b4d3654a345c79ea", "price_changes": [{"asset_id": "6969505512906397892758093530201478472799952923489958561611143885815628277167", "price": "0.89", "size": "1757.1", "side": "BUY", "hash": "82482ec6dcc8974cbbe3d219784739eb61e064ac", "best_bid": "0.9", "best_ask": "0.91"}, {"asset_id": "14198420664819580603238555810652932631588491733675417168465407739911632492677", "price": "0.11", "size": "1757.1", "side": "SELL", "hash": "4efedf1c6857bb8887f0f97304ea55f363f4af40", "best_bid": "0.09", "best_ask": "0.1"}], "timestamp": "1769384073458", "event_type": "price_change"}}
{"_local_timestamp": "2026-01-25T23:34:33.938588+00:00", "data": {"market": "0xfa13efa033b68c664ba009a6187cb337969ee45f418f0958b4d3654a345c79ea", "price_changes": [{"asset_id": "6969505512906397892758093530201478472799952923489958561611143885815628277167", "price": "0.89", "size": "1747.1", "side": "BUY", "hash": "36a0b83587c8665671f26e24d984043f15fe78a6", "best_bid": "0.9", "best_ask": "0.91"}, {"asset_id": "14198420664819580603238555810652932631588491733675417168465407739911632492677", "price": "0.11", "size": "1747.1", "side": "SELL", "hash": "8a783f115a379f74291f150f339ac24d8da861f5", "best_bid": "0.09", "best_ask": "0.1"}], "timestamp": "1769384073868", "event_type": "price_change"}}
{"_local_timestamp": "2026-01-25T23:34:34.798849+00:00", "data": {"market": "0xfa13efa033b68c664ba009a6187cb337969ee45f418f0958b4d3654a345c79ea", "price_changes": [{"asset_id": "6969505512906397892758093530201478472799952923489958561611143885815628277167", "price": "0.89", "size": "1757.1", "side": "BUY", "hash": "a2458d0d708faa5fa9e501db223c84c5baca975c", "best_bid": "0.9", "best_ask": "0.91"}, {"asset_id": "14198420664819580603238555810652932631588491733675417168465407739911632492677", "price": "0.11", "size": "1757.1", "side": "SELL", "hash": "cb90654ca5be689bed50cc6ba52dc0cb1fefb864", "best_bid": "0.09", "best_ask": "0.1"}], "timestamp": "1769384074720", "event_type": "price_change"}}
{"_local_timestamp": "2026-01-25T23:34:34.929570+00:00", "data": {"market": "0xfa13efa033b68c664ba009a6187cb337969ee45f418f0958b4d3654a345c79ea", "price_changes": [{"asset_id": "6969505512906397892758093530201478472799952923489958561611143885815628277167", "price": "0.89", "size": "1747.1", "side": "BUY", "hash": "aefc13f6e4807a8996aab27142a40cab3b7bebd1", "best_bid": "0.9", "best_ask": "0.91"}, {"asset_id": "14198420664819580603238555810652932631588491733675417168465407739911632492677", "price": "0.11", "size": "1747.1", "side": "SELL", "hash": "cc748b709b20e6981616e61e3a1dff31d8c9c042", "best_bid": "0.09", "best_ask": "0.1"}], "timestamp": "1769384074853", "event_type": "price_change"}}
{"_local_timestamp": "2026-01-25T23:34:35.499035+00:00", "data": {"market": "0xfa13efa033b68c664ba009a6187cb337969ee45f418f0958b4d3654a345c79ea", "price_changes": [{"asset_id": "14198420664819580603238555810652932631588491733675417168465407739911632492677", "price": "0.08", "size": "1369.68", "side": "BUY", "hash": "9441c45be638d39b0ffc507552d50c1cd44625bf", "best_bid": "0.09", "best_ask": "0.1"}, {"asset_id": "6969505512906397892758093530201478472799952923489958561611143885815628277167", "price": "0.92", "size": "1369.68", "side": "SELL", "hash": "06c735f9d32a84c9ff5924e1518d78a9f42bede8", "best_bid": "0.9", "best_ask": "0.91"}], "timestamp": "1769384075419", "event_type": "price_change"}}
{"_local_timestamp": "2026-01-25T23:34:36.893828+00:00", "data": {"market": "0xfa13efa033b68c664ba009a6187cb337969ee45f418f0958b4d3654a345c79ea", "price_changes": [{"asset_id": "14198420664819580603238555810652932631588491733675417168465407739911632492677", "price": "0.08", "size": "1379.68", "side": "BUY", "hash": "57526aa308dc7ee768cb8383eb63d61c70188072", "best_bid": "0.09", "best_ask": "0.1"}, {"asset_id": "6969505512906397892758093530201478472799952923489958561611143885815628277167", "price": "0.92", "size": "1379.68", "side": "SELL", "hash": "9e90de8ff8bc4fec6054d235b7e7446c4ada073a", "best_bid": "0.9", "best_ask": "0.91"}], "timestamp": "1769384076819", "event_type": "price_change"}}
{"_local_timestamp": "2026-01-25T23:34:38.914990+00:00", "data": {"market": "0xfa13efa033b68c664ba009a6187cb337969ee45f418f0958b4d3654a345c79ea", "price_changes": [{"asset_id": "14198420664819580603238555810652932631588491733675417168465407739911632492677", "price": "0.08", "size": "1359.68", "side": "BUY", "hash": "e9903957dd97ff104030378de1d06666bdbac950", "best_bid": "0.09", "best_ask": "0.1"}, {"asset_id": "6969505512906397892758093530201478472799952923489958561611143885815628277167", "price": "0.92", "size": "1359.68", "side": "SELL", "hash": "cb0b0c6e4fcc7f0a0d16c81fbf39fccaacac65b4", "best_bid": "0.9", "best_ask": "0.91"}], "timestamp": "1769384078837", "event_type": "price_change"}}
{"_local_timestamp": "2026-01-25T23:34:40.393381+00:00", "data": {"market": "0xfa13efa033b68c664ba009a6187cb337969ee45f418f0958b4d3654a345c79ea", "price_changes": [{"asset_id": "14198420664819580603238555810652932631588491733675417168465407739911632492677", "price": "0.08", "size": "1369.68", "side": "BUY", "hash": "e8be7f78e5298b85cbc53dd2dd49a3d70dd7599c", "best_bid": "0.09", "best_ask": "0.1"}, {"asset_id": "6969505512906397892758093530201478472799952923489958561611143885815628277167", "price": "0.92", "size": "1369.68", "side": "SELL", "hash": "05bd936a384b9618c8534ee2ef8e0fa76836b6b7", "best_bid": "0.9", "best_ask": "0.91"}], "timestamp": "1769384080191", "event_type": "price_change"}}
{"_local_timestamp": "2026-01-25T23:34:40.630562+00:00", "data": {"market": "0xfa13efa033b68c664ba009a6187cb337969ee45f418f0958b4d3654a345c79ea", "price_changes": [{"asset_id": "14198420664819580603238555810652932631588491733675417168465407739911632492677", "price": "0.08", "size": "1359.68", "side": "BUY", "hash": "0a432a91659620d6cc25b2939983faf50bea320b", "best_bid": "0.09", "best_ask": "0.1"}, {"asset_id": "6969505512906397892758093530201478472799952923489958561611143885815628277167", "price": "0.92", "size": "1359.68", "side": "SELL", "hash": "7229ade22c3fd0b26d3daabfd16544d0b168b874", "best_bid": "0.9", "best_ask": "0.91"}], "timestamp": "1769384080471", "event_type": "price_change"}}
{"_local_timestamp": "2026-01-25T23:34:40.731037+00:00", "data": {"market": "0xfa13efa033b68c664ba009a6187cb337969ee45f418f0958b4d3654a345c79ea", "price_changes": [{"asset_id": "6969505512906397892758093530201478472799952923489958561611143885815628277167", "price": "0.89", "size": "1757.1", "side": "BUY", "hash": "132c98bca641c71906a8eba3ec69a817e0cab13b", "best_bid": "0.9", "best_ask": "0.91"}, {"asset_id": "14198420664819580603238555810652932631588491733675417168465407739911632492677", "price": "0.11", "size": "1757.1", "side": "SELL", "hash": "0a27ccfe81ad9f6213f9e87566407fa4ab80d505", "best_bid": "0.09", "best_ask": "0.1"}], "timestamp": "1769384080607", "event_type": "price_change"}}
{"_local_timestamp": "2026-01-25T23:34:41.353645+00:00", "data": {"market": "0xc71ae60417a812b0a16d7eca04bbd5db4a330a56b3c8cb4fe254f2a7b77207f3", "price_changes": [{"asset_id": "100441399760622064650840625494872216181329090159239475460428335733835379523137", "price": "0.08", "size": "0", "side": "BUY", "hash": "7975844fbc671fb88a849a139b53e0df45e8011b", "best_bid": "0.15", "best_ask": "0.17"}, {"asset_id": "46179339716073735090378675674664043208832842430526090272895953783274864770185", "price": "0.92", "size": "0", "side": "SELL", "hash": "2343c7cb8ddb50a43b396252237bb54242866d66", "best_bid": "0.83", "best_ask": "0.85"}], "timestamp": "1769384081287", "event_type": "price_change"}}
{"_local_timestamp": "2026-01-25T23:34:43.630340+00:00", "data": {"market": "0xfa13efa033b68c664ba009a6187cb337969ee45f418f0958b4d3654a345c79ea", "price_changes": [{"asset_id": "6969505512906397892758093530201478472799952923489958561611143885815628277167", "price": "0.29", "size": "0", "side": "BUY", "hash": "23daa1c454ab7d5f37d1844e512d4bfad0026394", "best_bid": "0.9", "best_ask": "0.91"}, {"asset_id": "14198420664819580603238555810652932631588491733675417168465407739911632492677", "price": "0.71", "size": "0", "side": "SELL", "hash": "95cec25799224e50125d25dfdc96347171dc510f", "best_bid": "0.09", "best_ask": "0.1"}], "timestamp": "1769384083544", "event_type": "price_change"}}
{"_local_timestamp": "2026-01-25T23:34:43.734512+00:00", "data": {"market": "0xc71ae60417a812b0a16d7eca04bbd5db4a330a56b3c8cb4fe254f2a7b77207f3", "price_changes": [{"asset_id": "100441399760622064650840625494872216181329090159239475460428335733835379523137", "price": "0.08", "size": "7.21", "side": "BUY", "hash": "59ae795c5a15a2926d52383580f49e6231205bf7", "best_bid": "0.15", "best_ask": "0.17"}, {"asset_id": "46179339716073735090378675674664043208832842430526090272895953783274864770185", "price": "0.92", "size": "7.21", "side": "SELL", "hash": "4f4ff0f0a10a7d1d91ea99dd4d8b31918b3134b7", "best_bid": "0.83", "best_ask": "0.85"}], "timestamp": "1769384083662", "event_type": "price_change"}}
{"_local_timestamp": "2026-01-25T23:34:43.891506+00:00", "data": {"market": "0xfa13efa033b68c664ba009a6187cb337969ee45f418f0958b4d3654a345c79ea", "price_changes": [{"asset_id": "6969505512906397892758093530201478472799952923489958561611143885815628277167", "price": "0.28", "size": "192.85", "side": "BUY", "hash": "0daea9c7b710fe3a362d1f4ea2b0d537df4c0941", "best_bid": "0.9", "best_ask": "0.91"}, {"asset_id": "14198420664819580603238555810652932631588491733675417168465407739911632492677", "price": "0.72", "size": "192.85", "side": "SELL", "hash": "4f1a037c81706af3817b9b33be34c7bad14adb8e", "best_bid": "0.09", "best_ask": "0.1"}], "timestamp": "1769384083802", "event_type": "price_change"}}
{"_local_timestamp": "2026-01-25T23:34:44.498428+00:00", "data": {"market": "0xfa13efa033b68c664ba009a6187cb337969ee45f418f0958b4d3654a345c79ea", "price_changes": [{"asset_id": "6969505512906397892758093530201478472799952923489958561611143885815628277167", "price": "0.89", "size": "1747.1", "side": "BUY", "hash": "e8c77ee0eca881219681409c6230e24991ff627c", "best_bid": "0.9", "best_ask": "0.91"}, {"asset_id": "14198420664819580603238555810652932631588491733675417168465407739911632492677", "price": "0.11", "size": "1747.1", "side": "SELL", "hash": "fe2c9d478865a38c47da7433ef57f9eb4d5fb108", "best_bid": "0.09", "best_ask": "0.1"}], "timestamp": "1769384084428", "event_type": "price_change"}}
{"_local_timestamp": "2026-01-25T23:34:45.702171+00:00", "data": {"market": "0xfa13efa033b68c664ba009a6187cb337969ee45f418f0958b4d3654a345c79ea", "price_changes": [{"asset_id": "14198420664819580603238555810652932631588491733675417168465407739911632492677", "price": "0.08", "size": "1369.68", "side": "BUY", "hash": "3c4f8f2ccf89ef0e49344c86cb96773d2c18dbe3", "best_bid": "0.09", "best_ask": "0.1"}, {"asset_id": "6969505512906397892758093530201478472799952923489958561611143885815628277167", "price": "0.92", "size": "1369.68", "side": "SELL", "hash": "9d6479d08abdcf615e05e6a096616b9c24c6e3bd", "best_bid": "0.9", "best_ask": "0.91"}], "timestamp": "1769384085631", "event_type": "price_change"}}
{"_local_timestamp": "2026-01-25T23:34:45.882480+00:00", "data": {"market": "0xfa13efa033b68c664ba009a6187cb337969ee45f418f0958b4d3654a345c79ea", "price_changes": [{"asset_id": "14198420664819580603238555810652932631588491733675417168465407739911632492677", "price": "0.08", "size": "1359.68", "side": "BUY", "hash": "27ca718d132d69041503fada2e723aa1c4409e8a", "best_bid": "0.09", "best_ask": "0.1"}, {"asset_id": "6969505512906397892758093530201478472799952923489958561611143885815628277167", "price": "0.92", "size": "1359.68", "side": "SELL", "hash": "7baf1aaa2ec48a9f68a38061dd35824d88fe15e0", "best_bid": "0.9", "best_ask": "0.91"}], "timestamp": "1769384085815", "event_type": "price_change"}}
{"_local_timestamp": "2026-01-25T23:34:46.105063+00:00", "data": {"market": "0xfa13efa033b68c664ba009a6187cb337969ee45f418f0958b4d3654a345c79ea", "price_changes": [{"asset_id": "6969505512906397892758093530201478472799952923489958561611143885815628277167", "price": "0.89", "size": "1757.1", "side": "BUY", "hash": "b559cf27cdfcb4e38c8bbc1a4e55d6448795e756", "best_bid": "0.9", "best_ask": "0.91"}, {"asset_id": "14198420664819580603238555810652932631588491733675417168465407739911632492677", "price": "0.11", "size": "1757.1", "side": "SELL", "hash": "fe8d9d7ddf336e97fa611ffba1fe67829d72cbc8", "best_bid": "0.09", "best_ask": "0.1"}], "timestamp": "1769384086034", "event_type": "price_change"}}
{"_local_timestamp": "2026-01-25T23:34:50.455030+00:00", "data": {"market": "0xfa13efa033b68c664ba009a6187cb337969ee45f418f0958b4d3654a345c79ea", "price_changes": [{"asset_id": "6969505512906397892758093530201478472799952923489958561611143885815628277167", "price": "0.89", "size": "1747.1", "side": "BUY", "hash": "1c7a07a8ef433cd5c5ac488d666129fb8e845e67", "best_bid": "0.9", "best_ask": "0.91"}, {"asset_id": "14198420664819580603238555810652932631588491733675417168465407739911632492677", "price": "0.11", "size": "1747.1", "side": "SELL", "hash": "4dd923ea3b46460570b9d5ef41b794e64ca1d210", "best_bid": "0.09", "best_ask": "0.1"}], "timestamp": "1769384090383", "event_type": "price_change"}}
{"_local_timestamp": "2026-01-25T23:34:51.656759+00:00", "data": {"market": "0xfa13efa033b68c664ba009a6187cb337969ee45f418f0958b4d3654a345c79ea", "price_changes": [{"asset_id": "14198420664819580603238555810652932631588491733675417168465407739911632492677", "price": "0.08", "size": "1369.68", "side": "BUY", "hash": "defd86be4c1b9442a7cd641141f1ab594459d597", "best_bid": "0.09", "best_ask": "0.1"}, {"asset_id": "6969505512906397892758093530201478472799952923489958561611143885815628277167", "price": "0.92", "size": "1369.68", "side": "SELL", "hash": "69a66af741eecf1f66fa71346229602a051d7965", "best_bid": "0.9", "best_ask": "0.91"}], "timestamp": "1769384091573", "event_type": "price_change"}}
{"_local_timestamp": "2026-01-25T23:34:52.002218+00:00", "data": {"market": "0xfa13efa033b68c664ba009a6187cb337969ee45f418f0958b4d3654a345c79ea", "price_changes": [{"asset_id": "14198420664819580603238555810652932631588491733675417168465407739911632492677", "price": "0.08", "size": "1359.68", "side": "BUY", "hash": "4ee8ebabe7180a5bcef04aa9b80d1fa0d8710840", "best_bid": "0.09", "best_ask": "0.1"}, {"asset_id": "6969505512906397892758093530201478472799952923489958561611143885815628277167", "price": "0.92", "size": "1359.68", "side": "SELL", "hash": "42cf8a8fd1fab8d600e18b445898ab9428ccb6fc", "best_bid": "0.9", "best_ask": "0.91"}], "timestamp": "1769384091927", "event_type": "price_change"}}
{"_local_timestamp": "2026-01-25T23:34:52.144881+00:00", "data": {"market": "0xfa13efa033b68c664ba009a6187cb337969ee45f418f0958b4d3654a345c79ea", "price_changes": [{"asset_id": "6969505512906397892758093530201478472799952923489958561611143885815628277167", "price": "0.89", "size": "1757.1", "side": "BUY", "hash": "d2ed5b475b5ffeff470d706f77f35a95ff6b5993", "best_bid": "0.9", "best_ask": "0.91"}, {"asset_id": "14198420664819580603238555810652932631588491733675417168465407739911632492677", "price": "0.11", "size": "1757.1", "side": "SELL", "hash": "5a54db155556b8c825de7c39a8ed58ce8c7e22e6", "best_bid": "0.09", "best_ask": "0.1"}], "timestamp": "1769384092074", "event_type": "price_change"}}
{"_local_timestamp": "2026-01-25T23:34:54.606403+00:00", "data": {"market": "0xfa13efa033b68c664ba009a6187cb337969ee45f418f0958b4d3654a345c79ea", "price_changes": [{"asset_id": "6969505512906397892758093530201478472799952923489958561611143885815628277167", "price": "0.89", "size": "1747.1", "side": "BUY", "hash": "af8f42046443e4290fd2ed2d913e0702ab82eb39", "best_bid": "0.9", "best_ask": "0.91"}, {"asset_id": "14198420664819580603238555810652932631588491733675417168465407739911632492677", "price": "0.11", "size": "1747.1", "side": "SELL", "hash": "40684f754df9954ac781bd5012b2d8e1b3378e2a", "best_bid": "0.09", "best_ask": "0.1"}], "timestamp": "1769384094531", "event_type": "price_change"}}
{"_local_timestamp": "2026-01-25T23:34:56.285661+00:00", "data": {"market": "0xfa13efa033b68c664ba009a6187cb337969ee45f418f0958b4d3654a345c79ea", "price_changes": [{"asset_id": "6969505512906397892758093530201478472799952923489958561611143885815628277167", "price": "0.89", "size": "1757.1", "side": "BUY", "hash": "a95b2c3584b85b0444e6d4fbfcbfd0d3af04dfcc", "best_bid": "0.9", "best_ask": "0.91"}, {"asset_id": "14198420664819580603238555810652932631588491733675417168465407739911632492677", "price": "0.11", "size": "1757.1", "side": "SELL", "hash": "01d2af13acd31d123369b16e35ce5b8a1961c5ce", "best_bid": "0.09", "best_ask": "0.1"}], "timestamp": "1769384096217", "event_type": "price_change"}}
{"_local_timestamp": "2026-01-25T23:34:57.639024+00:00", "data": {"market": "0xfa13efa033b68c664ba009a6187cb337969ee45f418f0958b4d3654a345c79ea", "price_changes": [{"asset_id": "6969505512906397892758093530201478472799952923489958561611143885815628277167", "price": "0.89", "size": "1747.1", "side": "BUY", "hash": "26e7918303790dc36342f3170756e939915142d3", "best_bid": "0.9", "best_ask": "0.91"}, {"asset_id": "14198420664819580603238555810652932631588491733675417168465407739911632492677", "price": "0.11", "size": "1747.1", "side": "SELL", "hash": "1be55310756b756cd2d617eb37d6ad8c3440b60f", "best_bid": "0.09", "best_ask": "0.1"}], "timestamp": "1769384097539", "event_type": "price_change"}}
{"_local_timestamp": "2026-01-25T23:34:57.858788+00:00", "data": {"market": "0xfa13efa033b68c664ba009a6187cb337969ee45f418f0958b4d3654a345c79ea", "price_changes": [{"asset_id": "14198420664819580603238555810652932631588491733675417168465407739911632492677", "price": "0.08", "size": "1369.68", "side": "BUY", "hash": "eac77b839edcc079d1642472ca7fa478533e4b4e", "best_bid": "0.09", "best_ask": "0.1"}, {"asset_id": "6969505512906397892758093530201478472799952923489958561611143885815628277167", "price": "0.92", "size": "1369.68", "side": "SELL", "hash": "125cf02421a36ee10a1e7e7fb97ba7e0388edf97", "best_bid": "0.9", "best_ask": "0.91"}], "timestamp": "1769384097756", "event_type": "price_change"}}
{"_local_timestamp": "2026-01-25T23:34:58.649282+00:00", "data": {"market": "0xfa13efa033b68c664ba009a6187cb337969ee45f418f0958b4d3654a345c79ea", "price_changes": [{"asset_id": "14198420664819580603238555810652932631588491733675417168465407739911632492677", "price": "0.08", "size": "1359.68", "side": "BUY", "hash": "55e9cf27b3ac746a91ecdd84959c858cd45d8f48", "best_bid": "0.09", "best_ask": "0.1"}, {"asset_id": "6969505512906397892758093530201478472799952923489958561611143885815628277167", "price": "0.92", "size": "1359.68", "side": "SELL", "hash": "c639bf6941a537965d0ffd5ae7f62f6ee1e08fa3", "best_bid": "0.9", "best_ask": "0.91"}], "timestamp": "1769384098577", "event_type": "price_change"}}
{"_local_timestamp": "2026-01-25T23:34:58.725914+00:00", "data": {"market": "0xfa13efa033b68c664ba009a6187cb337969ee45f418f0958b4d3654a345c79ea", "price_changes": [{"asset_id": "14198420664819580603238555810652932631588491733675417168465407739911632492677", "price": "0.08", "size": "1369.68", "side": "BUY", "hash": "38c14b49669af9014a54b84f33c0432fdad39bad", "best_bid": "0.09", "best_ask": "0.1"}, {"asset_id": "6969505512906397892758093530201478472799952923489958561611143885815628277167", "price": "0.92", "size": "1369.68", "side": "SELL", "hash": "24ecd4b9cf7a22bdff4e4fe896643fa059201e4c", "best_bid": "0.9", "best_ask": "0.91"}], "timestamp": "1769384098655", "event_type": "price_change"}}
{"_local_timestamp": "2026-01-25T23:35:00.131059+00:00", "data": {"market": "0xfa13efa033b68c664ba009a6187cb337969ee45f418f0958b4d3654a345c79ea", "price_changes": [{"asset_id": "14198420664819580603238555810652932631588491733675417168465407739911632492677", "price": "0.08", "size": "1359.68", "side": "BUY", "hash": "831a085ce31ee21de8e4a8810e13d32ca8f74167", "best_bid": "0.09", "best_ask": "0.1"}, {"asset_id": "6969505512906397892758093530201478472799952923489958561611143885815628277167", "price": "0.92", "size": "1359.68", "side": "SELL", "hash": "140efe762661ddd60fb260129f46181475a8d573", "best_bid": "0.9", "best_ask": "0.91"}], "timestamp": "1769384100061", "event_type": "price_change"}}
{"_local_timestamp": "2026-01-25T23:35:01.607297+00:00", "data": {"market": "0xfa13efa033b68c664ba009a6187cb337969ee45f418f0958b4d3654a345c79ea", "price_changes": [{"asset_id": "6969505512906397892758093530201478472799952923489958561611143885815628277167", "price": "0.89", "size": "1757.1", "side": "BUY", "hash": "386e7217cd171900f8c46e2327866f66a3b8cb07", "best_bid": "0.9", "best_ask": "0.91"}, {"asset_id": "14198420664819580603238555810652932631588491733675417168465407739911632492677", "price": "0.11", "size": "1757.1", "side": "SELL", "hash": "e779cb27c4e061641018ca32f20269bf910c1695", "best_bid": "0.09", "best_ask": "0.1"}], "timestamp": "1769384101527", "event_type": "price_change"}}
{"_local_timestamp": "2026-01-25T23:35:01.842994+00:00", "data": {"market": "0xfa13efa033b68c664ba009a6187cb337969ee45f418f0958b4d3654a345c79ea", "price_changes": [{"asset_id": "6969505512906397892758093530201478472799952923489958561611143885815628277167", "price": "0.89", "size": "1747.1", "side": "BUY", "hash": "0cda33727e47623ce47fe0b839ea16df7a2613c9", "best_bid": "0.9", "best_ask": "0.91"}, {"asset_id": "14198420664819580603238555810652932631588491733675417168465407739911632492677", "price": "0.11", "size": "1747.1", "side": "SELL", "hash": "6f02a9786dc9897c5ad8559eacadfde6a3366432", "best_bid": "0.09", "best_ask": "0.1"}], "timestamp": "1769384101742", "event_type": "price_change"}}
{"_local_timestamp": "2026-01-25T23:35:01.869096+00:00", "data": {"market": "0xfa13efa033b68c664ba009a6187cb337969ee45f418f0958b4d3654a345c79ea", "price_changes": [{"asset_id": "14198420664819580603238555810652932631588491733675417168465407739911632492677", "price": "0.08", "size": "1369.68", "side": "BUY", "hash": "4bccc1ffb84cc0e4ba8f2032804c029e66833bc3", "best_bid": "0.09", "best_ask": "0.1"}, {"asset_id": "6969505512906397892758093530201478472799952923489958561611143885815628277167", "price": "0.92", "size": "1369.68", "side": "SELL", "hash": "eafdfe5798040525ea815226caa6836032c5224c", "best_bid": "0.9", "best_ask": "0.91"}], "timestamp": "1769384101804", "event_type": "price_change"}}
