{"_local_timestamp": "2026-01-25T23:33:17.067827+00:00", "data": [{"market": "0xae5584fbb57f23c1c608d544b656f23d8bf12340cef70811cf31bb0cb4fc2115", "asset_id": "28946595841244317705636126646676849578876740730186646421280828201004700559420", "timestamp": "1769383908160", "hash": "af897952c1efc548c3ae7ebaeff3421e4d54a4d8", "bids": [{"price": "0.001", "size": "21875.87"}, {"price": "0.002", "size": "23554"}, {"price": "0.003", "size": "6250"}, {"price": "0.004", "size": "29750"}, {"price": "0.005", "size": "4400"}, {"price": "0.006", "size": "505.23"}, {"price": "0.007", "size": "3210.45"}, {"price": "0.008", "size": "14857.87"}, {"price": "0.009", "size": "8259.36"}, {"price": "0.01", "size": "933.63"}, {"price": "0.011", "size": "2465.08"}, {"price": "0.012", "size": "1240.4"}, {"price": "0.013", "size": "165.82"}, {"price": "0.014", "size": "64.87"}], "asks": [{"price": "0.999", "size": "1109160.75"}, {"price": "0.998", "size": "1250"}, {"price": "0.997", "size": "62400"}, {"price": "0.994", "size": "200"}, {"price": "0.99", "size": "1000"}, {"price": "0.98", "size": "2000"}, {"price": "0.979", "size": "163.26"}, {"price": "0.978", "size": "95"}, {"price": "0.973", "size": "118.51"}, {"price": "0.972", "size": "122.44"}, {"price": "0.95", "size": "330"}, {"price": "0.949", "size": "39"}, {"price": "0.948", "size": "65.93"}, {"price": "0.93", "size": "300"}, {"price": "0.929", "size": "45.07"}, {"price": "0.928", "size": "47.61"}, {"price": "0.9", "size": "560"}, {"price": "0.899", "size": "65.62"}, {"price": "0.888", "size": "28.57"}, {"price": "0.887", "size": "30.34"}, {"price": "0.85", "size": "551.66"}, {"price": "0.849", "size": "22.7"}, {"price": "0.84", "size": "20"}, {"price": "0.839", "size": "21.29"}, {"price": "0.8", "size": "460"}, {"price": "0.799", "size": "32.97"}, {"price": "0.75", "size": "112"}, {"price": "0.749", "size": "12.74"}, {"price": "0.748", "size": "13.6"}, {"price": "0.721", "size": "23.74"}, {"price": "0.72", "size": "12.24"}, {"price": "0.7", "size": "236.66"}, {"price": "0.699", "size": "10.63"}, {"price": "0.658", "size": "3100"}, {"price": "0.65", "size": "68.57"}, {"price": "0.649", "size": "9.11"}, {"price": "0.627", "size": "8.57"}, {"price": "0.626", "size": "9.16"}, {"price": "0.6", "size": "125"}, {"price": "0.599", "size": "7.98"}, {"price": "0.5", "size": "18.25"}, {"price": "0.486", "size": "11111"}, {"price": "0.479", "size": "6000"}, {"price": "0.478", "size": "5"}, {"price": "0.403", "size": "76.92"}, {"price": "0.402", "size": "5.35"}, {"price": "0.35", "size": "108.52"}, {"price": "0.349", "size": "5"}, {"price": "0.249", "size": "83.33"}, {"price": "0.2", "size": "32.25"}, {"price": "0.108", "size": "75"}, {"price": "0.1", "size": "55.55"}, {"price": "0.06", "size": "3333"}, {"price": "0.049", "size": "599.99"}, {"price": "0.039", "size": "30"}, {"price": "0.035", "size": "3333"}, {"price": "0.03", "size": "3500"}, {"price": "0.028", "size": "50"}, {"price": "0.027", "size": "1102"}, {"price": "0.025", "size": "3000"}, {"price": "0.024", "size": "1602"}, {"price": "0.023", "size": "3833"}, {"price": "0.022", "size": "480.25"}, {"price": "0.021", "size": "602"}, {"price": "0.02", "size": "8199.88"}, {"price": "0.019", "size": "9514"}, {"price": "0.018", "size": "1027.28"}, {"price": "0.017", "size": "2855.21"}, {"price": "0.016", "size": "167.85"}, {"price": "0.015", "size": "755.84"}], "event_type": "book", "last_trade_price": "0.014"}, {"market": "0xae5584fbb57f23c1c608d544b656f23d8bf12340cef70811cf31bb0cb4fc2115", "asset_id": "42278252558046940014991595990628759801692726198478046188873057685686228021663", "timestamp": "1769383908160", "hash": "95afa96b87ff0262d32f22b168c7147df8319594", "bids": [{"price": "0.001", "size": "1109160.75"}, {"price": "0.002", "size": "1250"}, {"price": "0.003", "size": "62400"}, {"price": "0.006", "size": "200"}, {"price": "0.01", "size": "1000"}, {"price": "0.02", "size": "2000"}, {"price": "0.021", "size": "163.26"}, {"price": "0.022", "size": "95"}, {"price": "0.027", "size": "118.51"}, {"price": "0.028", "size": "122.44"}, {"price": "0.05", "size": "330"}, {"price": "0.051", "size": "39"}, {"price": "0.052", "size": "65.93"}, {"price": "0.07", "size": "300"}, {"price": "0.071", "size": "45.07"}, {"price": "0.072", "size": "47.61"}, {"price": "0.1", "size": "560"}, {"price": "0.101", "size": "65.62"}, {"price": "0.112", "size": "28.57"}, {"price": "0.113", "size": "30.34"}, {"price": "0.15", "size": "551.66"}, {"price": "0.151", "size": "22.7"}, {"price": "0.16", "size": "20"}, {"price": "0.161", "size": "21.29"}, {"price": "0.2", "size": "460"}, {"price": "0.201", "size": "32.97"}, {"price": "0.25", "size": "112"}, {"price": "0.251", "size": "12.74"}, {"price": "0.252", "size": "13.6"}, {"price": "0.279", "size": "23.74"}, {"price": "0.28", "size": "12.24"}, {"price": "0.3", "size": "236.66"}, {"price": "0.301", "size": "10.63"}, {"price": "0.342", "size": "3100"}, {"price": "0.35", "size": "68.57"}, {"price": "0.351", "size": "9.11"}, {"price": "0.373", "size": "8.57"}, {"price": "0.374", "size": "9.16"}, {"price": "0.4", "size": "125"}, {"price": "0.401", "size": "7.98"}, {"price": "0.5", "size": "18.25"}, {"price": "0.514", "size": "11111"}, {"price": "0.521", "size": "6000"}, {"price": "0.522", "size": "5"}, {"price": "0.597", "size": "76.92"}, {"price": "0.598", "size": "5.35"}, {"price": "0.65", "size": "108.52"}, {"price": "0.651", "size": "5"}, {"price": "0.751", "size": "83.33"}, {"price": "0.8", "size": "32.25"}, {"price": "0.892", "size": "75"}, {"price": "0.9", "size": "55.55"}, {"price": "0.94", "size": "3333"}, {"price": "0.951", "size": "599.99"}, {"price": "0.961", "size": "30"}, {"price": "0.965", "size": "3333"}, {"price": "0.97", "size": "3500"}, {"price": "0.972", "size": "50"}, {"price": "0.973", "size": "1102"}, {"price": "0.975", "size": "3000"}, {"price": "0.976", "size": "1602"}, {"price": "0.977", "size": "3833"}, {"price": "0.978", "size": "480.25"}, {"price": "0.979", "size": "602"}, {"price": "0.98", "size": "8199.88"}, {"price": "0.981", "size": "9514"}, {"price": "0.982", "size": "1027.28"}, {"price": "0.983", "size": "2855.21"}, {"price": "0.984", "size": "167.85"}, {"price": "0.985", "size": "755.84"}], "asks": [{"price": "0.999", "size": "21875.87"}, {"price": "0.998", "size": "23554"}, {"price": "0.997", "size": "6250"}, {"price": "0.996", "size": "29750"}, {"price": "0.995", "size": "4400"}, {"price": "0.994", "size": "505.23"}, {"price": "0.993", "size": "3210.45"}, {"price": "0.992", "size": "14857.87"}, {"price": "0.991", "size": "8259.36"}, {"price": "0.99", "size": "933.63"}, {"price": "0.989", "size": "2465.08"}, {"price": "0.988", "size": "1240.4"}, {"price": "0.987", "size": "165.82"}, {"price": "0.986", "size": "64.87"}], "event_type": "book", "last_trade_price": "0.014"}]}
{"_local_timestamp": "2026-01-25T23:33:29.008474+00:00", "data": {"market": "0xae5584fbb57f23c1c608d544b656f23d8bf12340cef70811cf31bb0cb4fc2115", "price_changes": [{"asset_id": "42278252558046940014991595990628759801692726198478046188873057685686228021663", "price": "0.5", "size": "11.4", "side": "BUY", "hash": "b14c429ef28c004b932e732dd33140abce351f92", "best_bid": "0.985", "best_ask": "0.986"}, {"asset_id": "28946595841244317705636126646676849578876740730186646421280828201004700559420", "price": "0.5", "size": "11.4", "side": "SELL", "hash": "8192da3d9b24aba5d24f04c5ebcfdcbd7e352c3c", "best_bid": "0.014", "best_ask": "0.015"}], "timestamp": "1769384008934", "event_type": "price_change"}}
{"_local_timestamp": "2026-01-25T23:33:29.188344+00:00", "data": {"market": "0xae5584fbb57f23c1c608d544b656f23d8bf12340cef70811cf31bb0cb4fc2115", "price_changes": [{"asset_id": "42278252558046940014991595990628759801692726198478046188873057685686228021663", "price": "0.374", "size": "0", "side": "BUY", "hash": "c94c1c8be1a7cadd10087eeb09ae30011d288658", "best_bid": "0.985", "best_ask": "0.986"}, {"asset_id": "28946595841244317705636126646676849578876740730186646421280828201004700559420", "price": "0.626", "size": "0", "side": "SELL", "hash": "1316052252a935523892bbd7214009c0017e91cb", "best_bid": "0.014", "best_ask": "0.015"}], "timestamp": "1769384009118", "event_type": "price_change"}}
{"_local_timestamp": "2026-01-25T23:33:29.301145+00:00", "data": {"market": "0xae5584fbb57f23c1c608d544b656f23d8bf12340cef70811cf31bb0cb4fc2115", "price_changes": [{"asset_id": "28946595841244317705636126646676849578876740730186646421280828201004700559420", "price": "0.011", "size": "2062.47", "side": "BUY", "hash": "3acbb68cc6ad038c4764d4a207f9419e65c2567a", "best_bid": "0.014", "best_ask": "0.015"}, {"asset_id": "42278252558046940014991595990628759801692726198478046188873057685686228021663", "price": "0.989", "size": "2062.47", "side": "SELL", "hash": "84654647559ef9b1ea146e1be09b40e589b1150e", "best_bid": "0.985", "best_ask": "0.986"}], "timestamp": "1769384009227", "event_type": "price_change"}}
{"_local_timestamp": "2026-01-25T23:33:29.389485+00:00", "data": {"market": "0xae5584fbb57f23c1c608d544b656f23d8bf12340cef70811cf31bb0cb4fc2115", "price_changes": [{"asset_id": "42278252558046940014991595990628759801692726198478046188873057685686228021663", "price": "0.28", "size": "0", "side": "BUY", "hash": "b0691c67385d7b0cd0b38b2a4b6c301b8fce65b4", "best_bid": "0.985", "best_ask": "0.986"}, {"asset_id": "28946595841244317705636126646676849578876740730186646421280828201004700559420", "price": "0.72", "size": "0", "side": "SELL", "hash": "0aac2257c575b44419cefe368f4fc2885443b228", "best_bid": "0.014", "best_ask": "0.015"}], "timestamp": "1769384009312", "event_type": "price_change"}}
{"_local_timestamp": "2026-01-25T23:33:29.428227+00:00", "data": {"market": "0xae5584fbb57f23c1c608d544b656f23d8bf12340cef70811cf31bb0cb4fc2115", "price_changes": [{"asset_id": "28946595841244317705636126646676849578876740730186646421280828201004700559420", "price": "0.011", "size": "2431.96", "side": "BUY", "hash": "5e8a5db0d4201135e415736cc775573e88439609", "best_bid": "0.014", "best_ask": "0.015"}, {"asset_id": "42278252558046940014991595990628759801692726198478046188873057685686228021663", "price": "0.989", "size": "2431.96", "side": "SELL", "hash": "13ba1df2113b22ee92d6f759624a78c18a802953", "best_bid": "0.985", "best_ask": "0.986"}], "timestamp": "1769384009357", "event_type": "price_change"}}
{"_local_timestamp": "2026-01-25T23:33:29.571614+00:00", "data": {"market": "0xae5584fbb57f23c1c608d544b656f23d8bf12340cef70811cf31bb0cb4fc2115", "price_changes": [{"asset_id": "42278252558046940014991595990628759801692726198478046188873057685686228021663", "price": "0.279", "size": "11.46", "side": "BUY", "hash": "84d78788d5fb4d1c0a6adf8ea3fac903aaa1bb3c", "best_bid": "0.985", "best_ask": "0.986"}, {"asset_id": "28946595841244317705636126646676849578876740730186646421280828201004700559420", "price": "0.721", "size": "11.46", "side": "SELL", "hash": "32fa63d5f7d246fc9c617b48b8e20ea7f0962a8e", "best_bid": "0.014", "best_ask": "0.015"}], "timestamp": "1769384009491", "event_type": "price_change"}}
{"_local_timestamp": "2026-01-25T23:33:29.737035+00:00", "data": {"market": "0xae5584fbb57f23c1c608d544b656f23d8bf12340cef70811cf31bb0cb4fc2115", "price_changes": [{"asset_id": "42278252558046940014991595990628759801692726198478046188873057685686228021663", "price": "0.021", "size": "0", "side": "BUY", "hash": "16ce25eeeb1c57ecc013f76164ff20fe7b985af9", "best_bid": "0.985", "best_ask": "0.986"}, {"asset_id": "28946595841244317705636126646676849578876740730186646421280828201004700559420", "price": "0.979", "size": "0", "side": "SELL", "hash": "8b81d59abd0fe5c9ca5458d555635cb506f6a4b4", "best_bid": "0.014", "best_ask": "0.015"}], "timestamp": "1769384009671", "event_type": "price_change"}}
{"_local_timestamp": "2026-01-25T23:33:29.950497+00:00", "data": {"market": "0xae5584fbb57f23c1c608d544b656f23d8bf12340cef70811cf31bb0cb4fc2115", "price_changes": [{"asset_id": "42278252558046940014991595990628759801692726198478046188873057685686228021663", "price": "0.022", "size": "262.83", "side": "BUY", "hash": "5c47493c8ed7a2ceabdf8a3a3065932d873145ad", "best_bid": "0.985", "best_ask": "0.986"}, {"asset_id": "28946595841244317705636126646676849578876740730186646421280828201004700559420", "price": "0.978", "size": "262.83", "side": "SELL", "hash": "2cae112f74ecaf8dd1dd5030ba3923919af11cb9", "best_bid": "0.014", "best_ask": "0.015"}], "timestamp": "1769384009876", "event_type": "price_change"}}
{"_local_timestamp": "2026-01-25T23:33:30.172249+00:00", "data": {"market": "0xae5584fbb57f23c1c608d544b656f23d8bf12340cef70811cf31bb0cb4fc2115", "price_changes": [{"asset_id": "42278252558046940014991595990628759801692726198478046188873057685686228021663", "price": "0.028", "size": "0", "side": "BUY", "hash": "4adac7f75eb57a3c899e5a69cc25c8a70f35c76f", "best_bid": "0.985", "best_ask": "0.986"}, {"asset_id": "28946595841244317705636126646676849578876740730186646421280828201004700559420", "price": "0.972", "size": "0", "side": "SELL", "hash": "4a6dbf87366025c44d28e1d64b43d5a65c57f28f", "best_bid": "0.014", "best_ask": "0.015"}], "timestamp": "1769384010101", "event_type": "price_change"}}
{"_local_timestamp": "2026-01-25T23:33:30.385142+00:00", "data": {"market": "0xae5584fbb57f23c1c608d544b656f23d8bf12340cef70811cf31bb0cb4fc2115", "price_changes": [{"asset_id": "42278252558046940014991595990628759801692726198478046188873057685686228021663", "price": "0.028", "size": "131.86", "side": "BUY", "hash": "4fd3b8ba3fd4275ebf0cc95afaf4b3ca884d8381", "best_bid": "0.985", "best_ask": "0.986"}, {"asset_id": "28946595841244317705636126646676849578876740730186646421280828201004700559420", "price": "0.972", "size": "131.86", "side": "SELL", "hash": "111ddc2f26893066586d48634cbc8f7f64d5df80", "best_bid": "0.014", "best_ask": "0.015"}], "timestamp": "1769384010316", "event_type": "price_change"}}
{"_local_timestamp": "2026-01-25T23:33:30.583237+00:00", "data": {"market": "0xae5584fbb57f23c1c608d544b656f23d8bf12340cef70811cf31bb0cb4fc2115", "price_changes": [{"asset_id": "42278252558046940014991595990628759801692726198478046188873057685686228021663", "price": "0.052", "size": "0", "side": "BUY", "hash": "7e1916800814f8608d153dbff558455f85c26b10", "best_bid": "0.985", "best_ask": "0.986"}, {"asset_id": "28946595841244317705636126646676849578876740730186646421280828201004700559420", "price": "0.948", "size": "0", "side": "SELL", "hash": "1f2afad171618b66cc013a01596c4d9520d39705", "best_bid": "0.014", "best_ask": "0.015"}], "timestamp": "1769384010512", "event_type": "price_change"}}
{"_local_timestamp": "2026-01-25T23:33:30.802866+00:00", "data": {"market": "0xae5584fbb57f23c1c608d544b656f23d8bf12340cef70811cf31bb0cb4fc2115", "price_changes": [{"asset_id": "42278252558046940014991595990628759801692726198478046188873057685686228021663", "price": "0.052", "size": "71", "side": "BUY", "hash": "5d836d43f51a93bc86dc5d9c486affd1fa805ac6", "best_bid": "0.985", "best_ask": "0.986"}, {"asset_id": "28946595841244317705636126646676849578876740730186646421280828201004700559420", "price": "0.948", "size": "71", "side": "SELL", "hash": "48c440d5d3ac5090ae11877944e54d823173d038", "best_bid": "0.014", "best_ask": "0.015"}], "timestamp": "1769384010729", "event_type": "price_change"}}
{"_local_timestamp": "2026-01-25T23:33:30.980396+00:00", "data": {"market": "0xae5584fbb57f23c1c608d544b656f23d8bf12340cef70811cf31bb0cb4fc2115", "price_changes": [{"asset_id": "42278252558046940014991595990628759801692726198478046188873057685686228021663", "price": "0.072", "size": "0", "side": "BUY", "hash": "f958f34d4760aaf03a0c2004dbbddc4dffc95124", "best_bid": "0.985", "best_ask": "0.986"}, {"asset_id": "28946595841244317705636126646676849578876740730186646421280828201004700559420", "price": "0.928", "size": "0", "side": "SELL", "hash": "a473503af9e11a9e7090e22afc4bfe080a029683", "best_bid": "0.014", "best_ask": "0.015"}], "timestamp": "1769384010912", "event_type": "price_change"}}
{"_local_timestamp": "2026-01-25T23:33:31.190165+00:00", "data": {"market": "0xae5584fbb57f23c1c608d544b656f23d8bf12340cef70811cf31bb0cb4fc2115", "price_changes": [{"asset_id": "42278252558046940014991595990628759801692726198478046188873057685686228021663", "price": "0.072", "size": "51.28", "side": "BUY", "hash": "2b7072a6710249ece154548812a168b2fedf659e", "best_bid": "0.985", "best_ask": "0.986"}, {"asset_id": "28946595841244317705636126646676849578876740730186646421280828201004700559420", "price": "0.928", "size": "51.28", "side": "SELL", "hash": "cc0b82ea41ff3bdfd82784f6f4e65e924b52c57a", "best_bid": "0.014", "best_ask": "0.015"}], "timestamp": "1769384011117", "event_type": "price_change"}}
{"_local_timestamp": "2026-01-25T23:33:31.392925+00:00", "data": {"market": "0xae5584fbb57f23c1c608d544b656f23d8bf12340cef70811cf31bb0cb4fc2115", "price_changes": [{"asset_id": "42278252558046940014991595990628759801692726198478046188873057685686228021663", "price": "0.101", "size": "31.68", "side": "BUY", "hash": "110ab9ebd74da1a936be3cd82d2d01c8cf0f8b02", "best_bid": "0.985", "best_ask": "0.986"}, {"asset_id": "28946595841244317705636126646676849578876740730186646421280828201004700559420", "price": "0.899", "size": "31.68", "side": "SELL", "hash": "1eef5023c39c9937da9094309d60a6e6462c2a32", "best_bid": "0.014", "best_ask": "0.015"}], "timestamp": "1769384011317", "event_type": "price_change"}}
{"_local_timestamp": "2026-01-25T23:33:31.612033+00:00", "data": {"market": "0xae5584fbb57f23c1c608d544b656f23d8bf12340cef70811cf31bb0cb4fc2115", "price_changes": [{"asset_id": "42278252558046940014991595990628759801692726198478046188873057685686228021663", "price": "0.101", "size": "68.23", "side": "BUY", "hash": "536778f5419c2567617a1267b40433e47e1fafcf", "best_bid": "0.985", "best_ask": "0.986"}, {"asset_id": "28946595841244317705636126646676849578876740730186646421280828201004700559420", "price": "0.899", "size": "68.23", "side": "SELL", "hash": "fd617aa94e3bf88836c46cac6a4df020d5662650", "best_bid": "0.014", "best_ask": "0.015"}], "timestamp": "1769384011543", "event_type": "price_change"}}
{"_local_timestamp": "2026-01-25T23:33:31.843513+00:00", "data": {"market": "0xae5584fbb57f23c1c608d544b656f23d8bf12340cef70811cf31bb0cb4fc2115", "price_changes": [{"asset_id": "42278252558046940014991595990628759801692726198478046188873057685686228021663", "price": "0.113", "size": "0", "side": "BUY", "hash": "9985f0b53fe387b7791d247a0c173dae6077bd3c", "best_bid": "0.985", "best_ask": "0.986"}, {"asset_id": "28946595841244317705636126646676849578876740730186646421280828201004700559420", "price": "0.887", "size": "0", "side": "SELL", "hash": "79d0db5e4005363486c93b60646d6440aaa2d9e2", "best_bid": "0.014", "best_ask": "0.015"}], "timestamp": "1769384011767", "event_type": "price_change"}}
{"_local_timestamp": "2026-01-25T23:33:32.061445+00:00", "data": {"market": "0xae5584fbb57f23c1c608d544b656f23d8bf12340cef70811cf31bb0cb4fc2115", "price_changes": [{"asset_id": "42278252558046940014991595990628759801692726198478046188873057685686228021663", "price": "0.113", "size": "32.67", "side": "BUY", "hash": "3c211a414710b1a9ff7f38a3c3e6e09679a5e84d", "best_bid": "0.985", "best_ask": "0.986"}, {"asset_id": "28946595841244317705636126646676849578876740730186646421280828201004700559420", "price": "0.887", "size": "32.67", "side": "SELL", "hash": "8d8dbbacc2ac9c8060f4775541caa463b86f3a87", "best_bid": "0.014", "best_ask": "0.015"}], "timestamp": "1769384011991", "event_type": "price_change"}}
{"_local_timestamp": "2026-01-25T23:33:32.242536+00:00", "data": {"market": "0xae5584fbb57f23c1c608d544b656f23d8bf12340cef70811cf31bb0cb4fc2115", "price_changes": [{"asset_id": "42278252558046940014991595990628759801692726198478046188873057685686228021663", "price": "0.151", "size": "0", "side": "BUY", "hash": "f28fe7ebba43bd1940568388dc402ddb801afa73", "best_bid": "0.985", "best_ask": "0.986"}, {"asset_id": "28946595841244317705636126646676849578876740730186646421280828201004700559420", "price": "0.849", "size": "0", "side": "SELL", "hash": "4570c9aae4bc2ef54accddeeae7956c135d7844b", "best_bid": "0.014", "best_ask": "0.015"}], "timestamp": "1769384012172", "event_type": "price_change"}}
{"_local_timestamp": "2026-01-25T23:33:32.447687+00:00", "data": {"market": "0xae5584fbb57f23c1c608d544b656f23d8bf12340cef70811cf31bb0cb4fc2115", "price_changes": [{"asset_id": "42278252558046940014991595990628759801692726198478046188873057685686228021663", "price": "0.151", "size": "24.45", "side": "BUY", "hash": "aab8a670462dab9330a1f51a1bdcd81075e96a23", "best_bid": "0.985", "best_ask": "0.986"}, {"asset_id": "28946595841244317705636126646676849578876740730186646421280828201004700559420", "price": "0.849", "size": "24.45", "side": "SELL", "hash": "053adff5da5e5225a20c7ec72d8a0f2a72a401aa", "best_bid": "0.014", "best_ask": "0.015"}], "timestamp": "1769384012378", "event_type": "price_change"}}
{"_local_timestamp": "2026-01-25T23:33:32.653023+00:00", "data": {"market": "0xae5584fbb57f23c1c608d544b656f23d8bf12340cef70811cf31bb0cb4fc2115", "price_changes": [{"asset_id": "42278252558046940014991595990628759801692726198478046188873057685686228021663", "price": "0.161", "size": "0", "side": "BUY", "hash": "124957cad01f31d87ff2834afee34e971db14838", "best_bid": "0.985", "best_ask": "0.986"}, {"asset_id": "28946595841244317705636126646676849578876740730186646421280828201004700559420", "price": "0.839", "size": "0", "side": "SELL", "hash": "aecd64f40f85c8562a556802c03951a608d86e36", "best_bid": "0.014", "best_ask": "0.015"}], "timestamp": "1769384012578", "event_type": "price_change"}}
{"_local_timestamp": "2026-01-25T23:33:32.857840+00:00", "data": {"market": "0xae5584fbb57f23c1c608d544b656f23d8bf12340cef70811cf31bb0cb4fc2115", "price_changes": [{"asset_id": "42278252558046940014991595990628759801692726198478046188873057685686228021663", "price": "0.161", "size": "22.93", "side": "BUY", "hash": "c358084e6dab8a12a9a395d5966d1ea08b9ed6d5", "best_bid": "0.985", "best_ask": "0.986"}, {"asset_id": "28946595841244317705636126646676849578876740730186646421280828201004700559420", "price": "0.839", "size": "22.93", "side": "SELL", "hash": "5bb81d7dfd79618cd1624bfd9a72dd32f847a92a", "best_bid": "0.014", "best_ask": "0.015"}], "timestamp": "1769384012788", "event_type": "price_change"}}
{"_local_timestamp": "2026-01-25T23:33:33.096437+00:00", "data": {"market": "0xae5584fbb57f23c1c608d544b656f23d8bf12340cef70811cf31bb0cb4fc2115", "price_changes": [{"asset_id": "42278252558046940014991595990628759801692726198478046188873057685686228021663", "price": "0.201", "size": "15.92", "side": "BUY", "hash": "68942ef96d1bef8f795505e38bbf6f74dd7aa684", "best_bid": "0.985", "best_ask": "0.986"}, {"asset_id": "28946595841244317705636126646676849578876740730186646421280828201004700559420", "price": "0.799", "size": "15.92", "side": "SELL", "hash": "aa14e0b95d7a24f5191d9627eedda7548b3e87c3", "best_bid": "0.014", "best_ask": "0.015"}], "timestamp": "1769384012987", "event_type": "price_change"}}
{"_local_timestamp": "2026-01-25T23:33:33.400554+00:00", "data": {"market": "0xae5584fbb57f23c1c608d544b656f23d8bf12340cef70811cf31bb0cb4fc2115", "price_changes": [{"asset_id": "42278252558046940014991595990628759801692726198478046188873057685686228021663", "price": "0.201", "size": "34.28", "side": "BUY", "hash": "57b7c8bf958d13fb690039705ac25c1fed551190", "best_bid": "0.985", "best_ask": "0.986"}, {"asset_id": "28946595841244317705636126646676849578876740730186646421280828201004700559420", "price": "0.799", "size": "34.28", "side": "SELL", "hash": "1fca7761175e09d16b82e5634cab7ee0318b15a2", "best_bid": "0.014", "best_ask": "0.015"}], "timestamp": "1769384013184", "event_type": "price_change"}}
{"_local_timestamp": "2026-01-25T23:33:33.477893+00:00", "data": {"market": "0xae5584fbb57f23c1c608d544b656f23d8bf12340cef70811cf31bb0cb4fc2115", "price_changes": [{"asset_id": "28946595841244317705636126646676849578876740730186646421280828201004700559420", "price": "0.02", "size": "8144.88", "side": "SELL", "hash": "10886bb20ee4c9101d59a04d87bea46be8c5e0f4", "best_bid": "0.014", "best_ask": "0.015"}, {"asset_id": "42278252558046940014991595990628759801692726198478046188873057685686228021663", "price": "0.98", "size": "8144.88", "side": "BUY", "hash": "57a4cfacae3d516aa0746ac3784d7c1572ae8b62", "best_bid": "0.985", "best_ask": "0.986"}], "timestamp": "1769384013317", "event_type": "price_change"}}
{"_local_timestamp": "2026-01-25T23:33:33.500509+00:00", "data": {"market": "0xae5584fbb57f23c1c608d544b656f23d8bf12340cef70811cf31bb0cb4fc2115", "price_changes": [{"asset_id": "42278252558046940014991595990628759801692726198478046188873057685686228021663", "price": "0.252", "size": "0", "side": "BUY", "hash": "851e35c5146803c2d1c7d3d797533b0be33b5528", "best_bid": "0.985", "best_ask": "0.986"}, {"asset_id": "28946595841244317705636126646676849578876740730186646421280828201004700559420", "price": "0.748", "size": "0", "side": "SELL", "hash": "4079f7a65c194026666855d8f47af36f3ea94079", "best_bid": "0.014", "best_ask": "0.015"}], "timestamp": "1769384013377", "event_type": "price_change"}}
{"_local_timestamp": "2026-01-25T23:33:33.639557+00:00", "data": {"market": "0xae5584fbb57f23c1c608d544b656f23d8bf12340cef70811cf31bb0cb4fc2115", "price_changes": [{"asset_id": "28946595841244317705636126646676849578876740730186646421280828201004700559420", "price": "0.02", "size": "8199.88", "side": "SELL", "hash": "2cf95cdaa3387b2208d93434c810004454a31b54", "best_bid": "0.014", "best_ask": "0.015"}, {"asset_id": "42278252558046940014991595990628759801692726198478046188873057685686228021663", "price": "0.98", "size": "8199.88", "side": "BUY", "hash": "60bfdf2db1bc601779b6fe7cd3bcef4e84d3d372", "best_bid": "0.985", "best_ask": "0.986"}], "timestamp": "1769384013545", "event_type": "price_change"}}
{"_local_timestamp": "2026-01-25T23:33:33.734581+00:00", "data": {"market": "0xae5584fbb57f23c1c608d544b656f23d8bf12340cef70811cf31bb0cb4fc2115", "price_changes": [{"asset_id": "42278252558046940014991595990628759801692726198478046188873057685686228021663", "price": "0.252", "size": "14.65", "side": "BUY", "hash": "60fc0bc6586098b3df50fe555def5d4c2cb23b86", "best_bid": "0.985", "best_ask": "0.986"}, {"asset_id": "28946595841244317705636126646676849578876740730186646421280828201004700559420", "price": "0.748", "size": "14.65", "side": "SELL", "hash": "6f3e085d74740e9dc17da1220faa9cf23477ed13", "best_bid": "0.014", "best_ask": "0.015"}], "timestamp": "1769384013604", "event_type": "price_change"}}
{"_local_timestamp": "2026-01-25T23:33:33.897769+00:00", "data": {"market": "0xae5584fbb57f23c1c608d544b656f23d8bf12340cef70811cf31bb0cb4fc2115", "price_changes": [{"asset_id": "42278252558046940014991595990628759801692726198478046188873057685686228021663", "price": "0.3", "size": "248.96", "side": "BUY", "hash": "eae8714e6ed9826f765be7a36fb2d0eb974db892", "best_bid": "0.985", "best_ask": "0.986"}, {"asset_id": "28946595841244317705636126646676849578876740730186646421280828201004700559420", "price": "0.7", "size": "248.96", "side": "SELL", "hash": "1f712535274b51b00fd10f850633f653d1abaa4f", "best_bid": "0.014", "best_ask": "0.015"}], "timestamp": "1769384013817", "event_type": "price_change"}}
{"_local_timestamp": "2026-01-25T23:33:34.118643+00:00", "data": {"market": "0xae5584fbb57f23c1c608d544b656f23d8bf12340cef70811cf31bb0cb4fc2115", "price_changes": [{"asset_id": "42278252558046940014991595990628759801692726198478046188873057685686228021663", "price": "0.4", "size": "134.23", "side": "BUY", "hash": "fa0e45ca1ac91de8ced234f4deb823c358bb4a9f", "best_bid": "0.985", "best_ask": "0.986"}, {"asset_id": "28946595841244317705636126646676849578876740730186646421280828201004700559420", "price": "0.6", "size": "134.23", "side": "SELL", "hash": "70f7b3d47acf6cb122ecbc7299c9023c61b87089", "best_bid": "0.014", "best_ask": "0.015"}], "timestamp": "1769384014049", "event_type": "price_change"}}
{"_local_timestamp": "2026-01-25T23:33:34.332392+00:00", "data": {"market": "0xae5584fbb57f23c1c608d544b656f23d8bf12340cef70811cf31bb0cb4fc2115", "price_changes": [{"asset_id": "42278252558046940014991595990628759801692726198478046188873057685686228021663", "price": "0.402", "size": "9.18", "side": "BUY", "hash": "3972dc0370d79ef443c4236621b6a17664133e6c", "best_bid": "0.985", "best_ask": "0.986"}, {"asset_id": "28946595841244317705636126646676849578876740730186646421280828201004700559420", "price": "0.598", "size": "9.18", "side": "SELL", "hash": "8a42f10f4c94a3dda8ea8c2e2aab0108ba700355", "best_bid": "0.014", "best_ask": "0.015"}], "timestamp": "1769384014243", "event_type": "price_change"}}
