{"_local_timestamp": "2026-01-25T23:33:32.062000+00:00", "data": [{"market": "0x7209592f294c2b3a7230ea66a4483ecfe1a57ae79144e5e735654829e00cfc68", "asset_id": "35608595602971585131748334524997534059288005974951964270070510209825391272871", "timestamp": "1769383946584", "hash": "da1483ab7f05a30df5b0d8f5cc0d6582cc4d7212", "bids": [{"price": "0.01", "size": "225351.69"}, {"price": "0.02", "size": "1500"}, {"price": "0.03", "size": "6000"}, {"price": "0.04", "size": "6.54"}, {"price": "0.05", "size": "1310"}, {"price": "0.08", "size": "550"}, {"price": "0.1", "size": "700"}, {"price": "0.11", "size": "5.4"}, {"price": "0.12", "size": "383.33"}, {"price": "0.15", "size": "1325"}, {"price": "0.16", "size": "700"}, {"price": "0.2", "size": "140"}, {"price": "0.21", "size": "700"}, {"price": "0.24", "size": "108.33"}, {"price": "0.28", "size": "85.71"}, {"price": "0.3", "size": "100"}, {"price": "0.31", "size": "250"}, {"price": "0.32", "size": "62.5"}, {"price": "0.35", "size": "100"}, {"price": "0.4", "size": "450"}, {"price": "0.41", "size": "103.3"}, {"price": "0.42", "size": "100"}, {"price": "0.43", "size": "100"}, {"price": "0.44", "size": "100"}, {"price": "0.45", "size": "200"}, {"price": "0.46", "size": "100"}, {"price": "0.47", "size": "100"}, {"price": "0.48", "size": "100"}, {"price": "0.49", "size": "100"}, {"price": "0.5", "size": "247.17"}, {"price": "0.53", "size": "100"}, {"price": "0.55", "size": "100"}, {"price": "0.6", "size": "100"}, {"price": "0.61", "size": "95.73"}, {"price": "0.62", "size": "200"}, {"price": "0.63", "size": "103.29"}, {"price": "0.64", "size": "70.28"}, {"price": "0.65", "size": "89.58"}, {"price": "0.66", "size": "13.14"}, {"price": "0.67", "size": "6"}, {"price": "0.68", "size": "116.66"}, {"price": "0.69", "size": "216"}, {"price": "0.7", "size": "100"}, {"price": "0.71", "size": "6"}, {"price": "0.74", "size": "66.66"}], "asks": [{"price": "0.99", "size": "4250"}, {"price": "0.98", "size": "1056.67"}, {"price": "0.97", "size": "800"}, {"price": "0.96", "size": "550"}, {"price": "0.95", "size": "1047.57"}, {"price": "0.94", "size": "200"}, {"price": "0.92", "size": "6.1"}, {"price": "0.91", "size": "6"}, {"price": "0.89", "size": "2104.28"}, {"price": "0.88", "size": "250"}, {"price": "0.87", "size": "6"}, {"price": "0.84", "size": "81.25"}, {"price": "0.83", "size": "131.36"}, {"price": "0.82", "size": "6"}, {"price": "0.8", "size": "72.66"}, {"price": "0.79", "size": "164.28"}, {"price": "0.77", "size": "66.66"}, {"price": "0.76", "size": "99.99"}], "event_type": "book", "last_trade_price": "0.260"}, {"market": "0x7209592f294c2b3a7230ea66a4483ecfe1a57ae79144e5e735654829e00cfc68", "asset_id": "86136836547770521111743494575582395458930966240091848908759010720929112549108", "timestamp": "1769383946584", "hash": "b1e2e525cea58050a10ff1d7b71e8a619d79232a", "bids": [{"price": "0.01", "size": "4250"}, {"price": "0.02", "size": "1056.67"}, {"price": "0.03", "size": "800"}, {"price": "0.04", "size": "550"}, {"price": "0.05", "size": "1047.57"}, {"price": "0.06", "size": "200"}, {"price": "0.08", "size": "6.1"}, {"price": "0.09", "size": "6"}, {"price": "0.11", "size": "2104.28"}, {"price": "0.12", "size": "250"}, {"price": "0.13", "size": "6"}, {"price": "0.16", "size": "81.25"}, {"price": "0.17", "size": "131.36"}, {"price": "0.18", "size": "6"}, {"price": "0.2", "size": "72.66"}, {"price": "0.21", "size": "164.28"}, {"price": "0.23", "size": "66.66"}, {"price": "0.24", "size": "99.99"}], "asks": [{"price": "0.99", "size": "225351.69"}, {"price": "0.98", "size": "1500"}, {"price": "0.97", "size": "6000"}, {"price": "0.96", "size": "6.54"}, {"price": "0.95", "size": "1310"}, {"price": "0.92", "size": "550"}, {"price": "0.9", "size": "700"}, {"price": "0.89", "size": "5.4"}, {"price": "0.88", "size": "383.33"}, {"price": "0.85", "size": "1325"}, {"price": "0.84", "size": "700"}, {"price": "0.8", "size": "140"}, {"price": "0.79", "size": "700"}, {"price": "0.76", "size": "108.33"}, {"price": "0.72", "size": "85.71"}, {"price": "0.7", "size": "100"}, {"price": "0.69", "size": "250"}, {"price": "0.68", "size": "62.5"}, {"price": "0.65", "size": "100"}, {"price": "0.6", "size": "450"}, {"price": "0.59", "size": "103.3"}, {"price": "0.58", "size": "100"}, {"price": "0.57", "size": "100"}, {"price": "0.56", "size": "100"}, {"price": "0.55", "size": "200"}, {"price": "0.54", "size": "100"}, {"price": "0.53", "size": "100"}, {"price": "0.52", "size": "100"}, {"price": "0.51", "size": "100"}, {"price": "0.5", "size": "247.17"}, {"price": "0.47", "size": "100"}, {"price": "0.45", "size": "100"}, {"price": "0.4", "size": "100"}, {"price": "0.39", "size": "95.73"}, {"price": "0.38", "size": "200"}, {"price": "0.37", "size": "103.29"}, {"price": "0.36", "size": "70.28"}, {"price": "0.35", "size": "89.58"}, {"price": "0.34", "size": "13.14"}, {"price": "0.33", "size": "6"}, {"price": "0.32", "size": "116.66"}, {"price": "0.31", "size": "216"}, {"price": "0.3", "size": "100"}, {"price": "0.29", "size": "6"}, {"price": "0.26", "size": "66.66"}], "event_type": "book", "last_trade_price": "0.260"}]}
{"_local_timestamp": "2026-01-25T23:33:40.410879+00:00", "data": {"market": "0x7209592f294c2b3a7230ea66a4483ecfe1a57ae79144e5e735654829e00cfc68", "price_changes": [{"asset_id": "86136836547770521111743494575582395458930966240091848908759010720929112549108", "price": "0.02", "size": "1050", "side": "BUY", "hash": "322ed4bcd7d2055d4cb05b88a7c4bbcaa91f28ce", "best_bid": "0.24", "best_ask": "0.26"}, {"asset_id": "35608595602971585131748334524997534059288005974951964270070510209825391272871", "price": "0.98", "size": "1050", "side": "SELL", "hash": "ae9bff1bd3e512d0370f1056b94ac2b2174d26c5", "best_bid": "0.74", "best_ask": "0.76"}], "timestamp": "1769384020214", "event_type": "price_change"}}
{"_local_timestamp": "2026-01-25T23:33:40.412272+00:00", "data": {"market": "0x7209592f294c2b3a7230ea66a4483ecfe1a57ae79144e5e735654829e00cfc68", "price_changes": [{"asset_id": "86136836547770521111743494575582395458930966240091848908759010720929112549108", "price": "0.05", "size": "1040", "side": "BUY", "hash": "322ed4bcd7d2055d4cb05b88a7c4bbcaa91f28ce", "best_bid": "0.24", "best_ask": "0.26"}, {"asset_id": "35608595602971585131748334524997534059288005974951964270070510209825391272871", "price": "0.95", "size": "1040", "side": "SELL", "hash": "ae9bff1bd3e512d0370f1056b94ac2b2174d26c5", "best_bid": "0.74", "best_ask": "0.76"}], "timestamp": "1769384020214", "event_type": "price_change"}}
{"_local_timestamp": "2026-01-25T23:33:40.414524+00:00", "data": {"market": "0x7209592f294c2b3a7230ea66a4483ecfe1a57ae79144e5e735654829e00cfc68", "price_changes": [{"asset_id": "86136836547770521111743494575582395458930966240091848908759010720929112549108", "price": "0.08", "size": "0", "side": "BUY", "hash": "322ed4bcd7d2055d4cb05b88a7c4bbcaa91f28ce", "best_bid": "0.24", "best_ask": "0.26"}, {"asset_id": "35608595602971585131748334524997534059288005974951964270070510209825391272871", "price": "0.92", "size": "0", "side": "SELL", "hash": "ae9bff1bd3e512d0370f1056b94ac2b2174d26c5", "best_bid": "0.74", "best_ask": "0.76"}], "timestamp": "1769384020214", "event_type": "price_change"}}
{"_local_timestamp": "2026-01-25T23:33:40.565329+00:00", "data": {"market": "0x7209592f294c2b3a7230ea66a4483ecfe1a57ae79144e5e735654829e00cfc68", "price_changes": [{"asset_id": "86136836547770521111743494575582395458930966240091848908759010720929112549108", "price": "0.02", "size": "1057.13", "side": "BUY", "hash": "c7b0f804d061d72961f64be834f62c52775f46aa", "best_bid": "0.24", "best_ask": "0.26"}, {"asset_id": "35608595602971585131748334524997534059288005974951964270070510209825391272871", "price": "0.98", "size": "1057.13", "side": "SELL", "hash": "9f6c331191033592b070b456af8349ec1e8b54dd", "best_bid": "0.74", "best_ask": "0.76"}], "timestamp": "1769384020491", "event_type": "price_change"}}
{"_local_timestamp": "2026-01-25T23:33:40.565862+00:00", "data": {"market": "0x7209592f294c2b3a7230ea66a4483ecfe1a57ae79144e5e735654829e00cfc68", "price_changes": [{"asset_id": "86136836547770521111743494575582395458930966240091848908759010720929112549108", "price": "0.09", "size": "11.83", "side": "BUY", "hash": "a9514dfd31f059fbe16116a9081297daad5d0457", "best_bid": "0.24", "best_ask": "0.26"}, {"asset_id": "35608595602971585131748334524997534059288005974951964270070510209825391272871", "price": "0.91", "size": "11.83", "side": "SELL", "hash": "6ed6e1cc0415f8480019217f5e32d00296fdd8d2", "best_bid": "0.74", "best_ask": "0.76"}], "timestamp": "1769384020492", "event_type": "price_change"}}
{"_local_timestamp": "2026-01-25T23:33:40.566846+00:00", "data": {"market": "0x7209592f294c2b3a7230ea66a4483ecfe1a57ae79144e5e735654829e00cfc68", "price_changes": [{"asset_id": "86136836547770521111743494575582395458930966240091848908759010720929112549108", "price": "0.04", "size": "558.29", "side": "BUY", "hash": "88755a4ce7d7ab3bf02cd307059966b31982124a", "best_bid": "0.24", "best_ask": "0.26"}, {"asset_id": "35608595602971585131748334524997534059288005974951964270070510209825391272871", "price": "0.96", "size": "558.29", "side": "SELL", "hash": "6d9df4bcd1bf3b804d1d3b3cbab6300def376793", "best_bid": "0.74", "best_ask": "0.76"}], "timestamp": "1769384020493", "event_type": "price_change"}}
{"_local_timestamp": "2026-01-25T23:35:02.885350+00:00", "data": {"market": "0x7209592f294c2b3a7230ea66a4483ecfe1a57ae79144e5e735654829e00cfc68", "price_changes": [{"asset_id": "35608595602971585131748334524997534059288005974951964270070510209825391272871", "price": "0.74", "size": "0", "side": "BUY", "hash": "ebb5354591d2f5148b806539177344a8832d8aa9", "best_bid": "0.71", "best_ask": "0.76"}, {"asset_id": "86136836547770521111743494575582395458930966240091848908759010720929112549108", "price": "0.26", "size": "0", "side": "SELL", "hash": "74a238939f5a877b8da975abf6c57012bceb7e81", "best_bid": "0.24", "best_ask": "0.29"}], "timestamp": "1769384102810", "event_type": "price_change"}}
{"_local_timestamp": "2026-01-25T23:35:02.887390+00:00", "data": {"market": "0x7209592f294c2b3a7230ea66a4483ecfe1a57ae79144e5e735654829e00cfc68", "price_changes": [{"asset_id": "86136836547770521111743494575582395458930966240091848908759010720929112549108", "price": "0.23", "size": "0", "side": "BUY", "hash": "bae6d73e128464e5d110c89102dbeb448d6b6623", "best_bid": "0.24", "best_ask": "0.29"}, {"asset_id": "35608595602971585131748334524997534059288005974951964270070510209825391272871", "price": "0.77", "size": "0", "side": "SELL", "hash": "7ad7f7de58f9850b3de56d9877c99a3eb32ff010", "best_bid": "0.71", "best_ask": "0.76"}], "timestamp": "1769384102810", "event_type": "price_change"}}
{"_local_timestamp": "2026-01-25T23:35:02.887787+00:00", "data": {"market": "0x7209592f294c2b3a7230ea66a4483ecfe1a57ae79144e5e735654829e00cfc68", "price_changes": [{"asset_id": "86136836547770521111743494575582395458930966240091848908759010720929112549108", "price": "0.17", "size": "64.7", "side": "BUY", "hash": "bae6d73e128464e5d110c89102dbeb448d6b6623", "best_bid": "0.24", "best_ask": "0.29"}, {"asset_id": "35608595602971585131748334524997534059288005974951964270070510209825391272871", "price": "0.83", "size": "64.7", "side": "SELL", "hash": "7ad7f7de58f9850b3de56d9877c99a3eb32ff010", "best_bid": "0.71", "best_ask": "0.76"}], "timestamp": "1769384102810", "event_type": "price_change"}}
{"_local_timestamp": "2026-01-25T23:35:02.888075+00:00", "data": {"market": "0x7209592f294c2b3a7230ea66a4483ecfe1a57ae79144e5e735654829e00cfc68", "price_changes": [{"asset_id": "86136836547770521111743494575582395458930966240091848908759010720929112549108", "price": "0.2", "size": "6", "side": "BUY", "hash": "bae6d73e128464e5d110c89102dbeb448d6b6623", "best_bid": "0.24", "best_ask": "0.29"}, {"asset_id": "35608595602971585131748334524997534059288005974951964270070510209825391272871", "price": "0.8", "size": "6", "side": "SELL", "hash": "7ad7f7de58f9850b3de56d9877c99a3eb32ff010", "best_bid": "0.71", "best_ask": "0.76"}], "timestamp": "1769384102810", "event_type": "price_change"}}
{"_local_timestamp": "2026-01-25T23:35:03.449894+00:00", "data": {"market": "0x7209592f294c2b3a7230ea66a4483ecfe1a57ae79144e5e735654829e00cfc68", "price_changes": [{"asset_id": "35608595602971585131748334524997534059288005974951964270070510209825391272871", "price": "0.72", "size": "66.66", "side": "BUY", "hash": "aa16582305adf714d6b1f997b0f8b93f54b75151", "best_bid": "0.72", "best_ask": "0.76"}, {"asset_id": "86136836547770521111743494575582395458930966240091848908759010720929112549108", "price": "0.28", "size": "66.66", "side": "SELL", "hash": "b17af853a9631157c34c7182b315884b1467d1e9", "best_bid": "0.24", "best_ask": "0.28"}], "timestamp": "1769384103360", "event_type": "price_change"}}
{"_local_timestamp": "2026-01-25T23:35:03.499051+00:00", "data": {"market": "0x7209592f294c2b3a7230ea66a4483ecfe1a57ae79144e5e735654829e00cfc68", "price_changes": [{"asset_id": "35608595602971585131748334524997534059288005974951964270070510209825391272871", "price": "0.72", "size": "96.66", "side": "BUY", "hash": "3421ecf4ba2f90f1ea2278a28e306a8588b0c82e", "best_bid": "0.72", "best_ask": "0.76"}, {"asset_id": "86136836547770521111743494575582395458930966240091848908759010720929112549108", "price": "0.28", "size": "96.66", "side": "SELL", "hash": "52c4e0c10d6af1dc8a09b426c037abbc8b897f2b", "best_bid": "0.24", "best_ask": "0.28"}], "timestamp": "1769384103427", "event_type": "price_change"}}
{"_local_timestamp": "2026-01-25T23:35:03.757236+00:00", "data": {"market": "0x7209592f294c2b3a7230ea66a4483ecfe1a57ae79144e5e735654829e00cfc68", "price_changes": [{"asset_id": "86136836547770521111743494575582395458930966240091848908759010720929112549108", "price": "0.13", "size": "106", "side": "BUY", "hash": "7fcdf3a2bef05b53a527ec1d310b0bc702397fa4", "best_bid": "0.24", "best_ask": "0.28"}, {"asset_id": "35608595602971585131748334524997534059288005974951964270070510209825391272871", "price": "0.87", "size": "106", "side": "SELL", "hash": "ccfdf42ed8272ee745e586d2572e439ec29ebe0f", "best_bid": "0.72", "best_ask": "0.76"}], "timestamp": "1769384103681", "event_type": "price_change"}}
{"_local_timestamp": "2026-01-25T23:35:03.802048+00:00", "data": {"market": "0x7209592f294c2b3a7230ea66a4483ecfe1a57ae79144e5e735654829e00cfc68", "price_changes": [{"asset_id": "86136836547770521111743494575582395458930966240091848908759010720929112549108", "price": "0.19", "size": "100", "side": "BUY", "hash": "61601e9f2437d90fae120becbc87a2e9c09c2ecf", "best_bid": "0.24", "best_ask": "0.28"}, {"asset_id": "35608595602971585131748334524997534059288005974951964270070510209825391272871", "price": "0.81", "size": "100", "side": "SELL", "hash": "6a0757da4125336ae7aedb385c45bd5663f3e740", "best_bid": "0.72", "best_ask": "0.76"}], "timestamp": "1769384103728", "event_type": "price_change"}}
{"_local_timestamp": "2026-01-25T23:35:04.153448+00:00", "data": {"market": "0x7209592f294c2b3a7230ea66a4483ecfe1a57ae79144e5e735654829e00cfc68", "price_changes": [{"asset_id": "35608595602971585131748334524997534059288005974951964270070510209825391272871", "price": "0.76", "size": "0", "side": "SELL", "hash": "a7449109a88fae7b220853d04d5c4000c19dd9fc", "best_bid": "0.72", "best_ask": "0.79"}, {"asset_id": "86136836547770521111743494575582395458930966240091848908759010720929112549108", "price": "0.24", "size": "0", "side": "BUY", "hash": "db2517cc25fed4aa1f5dc932c730e247f2351155", "best_bid": "0.21", "best_ask": "0.28"}], "timestamp": "1769384104080", "event_type": "price_change"}}
{"_local_timestamp": "2026-01-25T23:35:04.343963+00:00", "data": {"market": "0x7209592f294c2b3a7230ea66a4483ecfe1a57ae79144e5e735654829e00cfc68", "price_changes": [{"asset_id": "35608595602971585131748334524997534059288005974951964270070510209825391272871", "price": "0.78", "size": "99.99", "side": "SELL", "hash": "e9b90fa57957a73f5fcbaa10a254cca5342cbfce", "best_bid": "0.72", "best_ask": "0.78"}, {"asset_id": "86136836547770521111743494575582395458930966240091848908759010720929112549108", "price": "0.22", "size": "99.99", "side": "BUY", "hash": "787da83baf1db6748adfde11251aee18fe8f0282", "best_bid": "0.22", "best_ask": "0.28"}], "timestamp": "1769384104279", "event_type": "price_change"}}
{"_local_timestamp": "2026-01-25T23:35:04.510578+00:00", "data": {"market": "0x7209592f294c2b3a7230ea66a4483ecfe1a57ae79144e5e735654829e00cfc68", "price_changes": [{"asset_id": "35608595602971585131748334524997534059288005974951964270070510209825391272871", "price": "0.7", "size": "0", "side": "BUY", "hash": "a41263bad2fee0da397bec0eae07c05ed73c645f", "best_bid": "0.72", "best_ask": "0.78"}, {"asset_id": "86136836547770521111743494575582395458930966240091848908759010720929112549108", "price": "0.3", "size": "0", "side": "SELL", "hash": "bb687a73547e79302bb31094e1d009f662b171ea", "best_bid": "0.22", "best_ask": "0.28"}], "timestamp": "1769384104438", "event_type": "price_change"}}
{"_local_timestamp": "2026-01-25T23:35:04.729755+00:00", "data": {"market": "0x7209592f294c2b3a7230ea66a4483ecfe1a57ae79144e5e735654829e00cfc68", "price_changes": [{"asset_id": "86136836547770521111743494575582395458930966240091848908759010720929112549108", "price": "0.22", "size": "129.99", "side": "BUY", "hash": "9d4e88dd6efc9be879ba59ebe3b4038b6b309458", "best_bid": "0.22", "best_ask": "0.28"}, {"asset_id": "35608595602971585131748334524997534059288005974951964270070510209825391272871", "price": "0.78", "size": "129.99", "side": "SELL", "hash": "e1cc9afb33fb6bff08a9bba4e7f6f5f022e49a69", "best_bid": "0.72", "best_ask": "0.78"}], "timestamp": "1769384104660", "event_type": "price_change"}}
{"_local_timestamp": "2026-01-25T23:35:05.129338+00:00", "data": {"market": "0x7209592f294c2b3a7230ea66a4483ecfe1a57ae79144e5e735654829e00cfc68", "price_changes": [{"asset_id": "35608595602971585131748334524997534059288005974951964270070510209825391272871", "price": "0.73", "size": "100", "side": "BUY", "hash": "dd92966e89c1304da90e6fc108e31331bacfa38b", "best_bid": "0.73", "best_ask": "0.78"}, {"asset_id": "86136836547770521111743494575582395458930966240091848908759010720929112549108", "price": "0.27", "size": "100", "side": "SELL", "hash": "1fce63c9469ff56764d155f7c563dc83369feed0", "best_bid": "0.22", "best_ask": "0.27"}], "timestamp": "1769384105052", "event_type": "price_change"}}
{"_local_timestamp": "2026-01-25T23:35:05.133803+00:00", "data": {"market": "0x7209592f294c2b3a7230ea66a4483ecfe1a57ae79144e5e735654829e00cfc68", "price_changes": [{"asset_id": "86136836547770521111743494575582395458930966240091848908759010720929112549108", "price": "0.22", "size": "229.99", "side": "BUY", "hash": "13c264a23ca2a9f53cb27a6dfcafe3ae55a1f7ee", "best_bid": "0.22", "best_ask": "0.27"}, {"asset_id": "35608595602971585131748334524997534059288005974951964270070510209825391272871", "price": "0.78", "size": "229.99", "side": "SELL", "hash": "f7434da5d4343171b5129768a0c6bd3eb800d97a", "best_bid": "0.73", "best_ask": "0.78"}], "timestamp": "1769384105053", "event_type": "price_change"}}
{"_local_timestamp": "2026-01-25T23:35:05.669568+00:00", "data": {"market": "0x7209592f294c2b3a7230ea66a4483ecfe1a57ae79144e5e735654829e00cfc68", "price_changes": [{"asset_id": "86136836547770521111743494575582395458930966240091848908759010720929112549108", "price": "0.23", "size": "25", "side": "BUY", "hash": "5c2552da8eaed481f2eb50b9ee178b83f77e195b", "best_bid": "0.23", "best_ask": "0.27"}, {"asset_id": "35608595602971585131748334524997534059288005974951964270070510209825391272871", "price": "0.77", "size": "25", "side": "SELL", "hash": "ccc9626bd71adb98342f88731c6ae68f011bdbe0", "best_bid": "0.73", "best_ask": "0.77"}], "timestamp": "1769384105597", "event_type": "price_change"}}
{"_local_timestamp": "2026-01-25T23:35:06.181858+00:00", "data": {"market": "0x7209592f294c2b3a7230ea66a4483ecfe1a57ae79144e5e735654829e00cfc68", "price_changes": [{"asset_id": "35608595602971585131748334524997534059288005974951964270070510209825391272871", "price": "0.72", "size": "66.66", "side": "BUY", "hash": "200e0f29018080cf18be6c7f4a571ba541b20d21", "best_bid": "0.73", "best_ask": "0.77"}, {"asset_id": "86136836547770521111743494575582395458930966240091848908759010720929112549108", "price": "0.28", "size": "66.66", "side": "SELL", "hash": "b2ca70a645dc8ca9b40438dc824a309e927f584d", "best_bid": "0.23", "best_ask": "0.27"}], "timestamp": "1769384106095", "event_type": "price_change"}}
{"_local_timestamp": "2026-01-25T23:35:06.224169+00:00", "data": {"market": "0x7209592f294c2b3a7230ea66a4483ecfe1a57ae79144e5e735654829e00cfc68", "price_changes": [{"asset_id": "35608595602971585131748334524997534059288005974951964270070510209825391272871", "price": "0.73", "size": "130", "side": "BUY", "hash": "88f1616a8bebe2b7442936bafe283239f9486e76", "best_bid": "0.73", "best_ask": "0.77"}, {"asset_id": "86136836547770521111743494575582395458930966240091848908759010720929112549108", "price": "0.27", "size": "130", "side": "SELL", "hash": "74c16a1a954f56af3eba73dede38489b6e27cf2e", "best_bid": "0.23", "best_ask": "0.27"}], "timestamp": "1769384106156", "event_type": "price_change"}}
{"_local_timestamp": "2026-01-25T23:35:07.173430+00:00", "data": {"market": "0x7209592f294c2b3a7230ea66a4483ecfe1a57ae79144e5e735654829e00cfc68", "price_changes": [{"asset_id": "86136836547770521111743494575582395458930966240091848908759010720929112549108", "price": "0.22", "size": "199.99", "side": "BUY", "hash": "3a829142a26588bb60fb7f1a96099d93dd2d62c1", "best_bid": "0.23", "best_ask": "0.27"}, {"asset_id": "35608595602971585131748334524997534059288005974951964270070510209825391272871", "price": "0.78", "size": "199.99", "side": "SELL", "hash": "b0752c1d4959ae8597ae8fa4b4290504660a3e6d", "best_bid": "0.73", "best_ask": "0.77"}], "timestamp": "1769384107089", "event_type": "price_change"}}
{"_local_timestamp": "2026-01-25T23:35:07.204615+00:00", "data": {"market": "0x7209592f294c2b3a7230ea66a4483ecfe1a57ae79144e5e735654829e00cfc68", "price_changes": [{"asset_id": "86136836547770521111743494575582395458930966240091848908759010720929112549108", "price": "0.23", "size": "55", "side": "BUY", "hash": "07d0a2db2f8d0b5af798735ab8455acf902c9982", "best_bid": "0.23", "best_ask": "0.27"}, {"asset_id": "35608595602971585131748334524997534059288005974951964270070510209825391272871", "price": "0.77", "size": "55", "side": "SELL", "hash": "9cd03975c9e5b438616cbcbebb618fe56dcddb63", "best_bid": "0.73", "best_ask": "0.77"}], "timestamp": "1769384107132", "event_type": "price_change"}}
