{"_local_timestamp": "2026-01-25T23:40:33.261694+00:00", "data": [{"market": "0x0a26a2aeaee92f943b6a5649c4a096766f07675c6c710527fca730bd1e395797", "asset_id": "36811490115386059879633839618034808068483628089964044239383524809316618024310", "timestamp": "1769384417323", "hash": "82c79a1d7c499dc3680967e89c79dc9c8039742d", "bids": [{"price": "0.001", "size": "3311"}, {"price": "0.002", "size": "761.23"}, {"price": "0.004", "size": "500"}, {"price": "0.005", "size": "23.73"}, {"price": "0.02", "size": "628.33"}, {"price": "0.021", "size": "266.66"}, {"price": "0.022", "size": "39.03"}, {"price": "0.116", "size": "6.35"}, {"price": "0.117", "size": "111.11"}, {"price": "0.118", "size": "93.22"}, {"price": "0.128", "size": "66.66"}, {"price": "0.198", "size": "5.05"}, {"price": "0.218", "size": "29.99"}, {"price": "0.233", "size": "91.66"}, {"price": "0.234", "size": "38"}], "asks": [{"price": "0.999", "size": "16907.89"}, {"price": "0.998", "size": "2250"}, {"price": "0.997", "size": "13.36"}, {"price": "0.99", "size": "500"}, {"price": "0.989", "size": "12.43"}, {"price": "0.98", "size": "6500"}, {"price": "0.96", "size": "1250"}, {"price": "0.959", "size": "6.08"}, {"price": "0.92", "size": "950"}, {"price": "0.9", "size": "500"}, {"price": "0.899", "size": "5.58"}, {"price": "0.88", "size": "608.33"}, {"price": "0.85", "size": "213.33"}, {"price": "0.81", "size": "147.36"}, {"price": "0.8", "size": "550"}, {"price": "0.797", "size": "14"}, {"price": "0.77", "size": "113.04"}, {"price": "0.75", "size": "1150"}, {"price": "0.73", "size": "88.88"}, {"price": "0.69", "size": "139.51"}, {"price": "0.39", "size": "394.22"}, {"price": "0.389", "size": "46.96"}, {"price": "0.387", "size": "21.2"}, {"price": "0.386", "size": "17.91"}, {"price": "0.385", "size": "45"}, {"price": "0.363", "size": "46.96"}, {"price": "0.35", "size": "100"}, {"price": "0.331", "size": "63.27"}], "event_type": "book", "last_trade_price": ""}, {"market": "0x0a26a2aeaee92f943b6a5649c4a096766f07675c6c710527fca730bd1e395797", "asset_id": "17119154060762939837303153532154744480893515299339917817378655626147529788480", "timestamp": "1769384417323", "hash": "0eadf68e88fa385d3d7bf324a05daefa2a20ed5f", "bids": [{"price": "0.001", "size": "16907.89"}, {"price": "0.002", "size": "2250"}, {"price": "0.003", "size": "13.36"}, {"price": "0.01", "size": "500"}, {"price": "0.011", "size": "12.43"}, {"price": "0.02", "size": "6500"}, {"price": "0.04", "size": "1250"}, {"price": "0.041", "size": "6.08"}, {"price": "0.08", "size": "950"}, {"price": "0.1", "size": "500"}, {"price": "0.101", "size": "5.58"}, {"price": "0.12", "size": "608.33"}, {"price": "0.15", "size": "213.33"}, {"price": "0.19", "size": "147.36"}, {"price": "0.2", "size": "550"}, {"price": "0.203", "size": "14"}, {"price": "0.23", "size": "113.04"}, {"price": "0.25", "size": "1150"}, {"price": "0.27", "size": "88.88"}, {"price": "0.31", "size": "139.51"}, {"price": "0.61", "size": "394.22"}, {"price": "0.611", "size": "46.96"}, {"price": "0.613", "size": "21.2"}, {"price": "0.614", "size": "17.91"}, {"price": "0.615", "size": "45"}, {"price": "0.637", "size": "46.96"}, {"price": "0.65", "size": "100"}, {"price": "0.669", "size": "63.27"}], "asks": [{"price": "0.999", "size": "3311"}, {"price": "0.998", "size": "761.23"}, {"price": "0.996", "size": "500"}, {"price": "0.995", "size": "23.73"}, {"price": "0.98", "size": "628.33"}, {"price": "0.979", "size": "266.66"}, {"price": "0.978", "size": "39.03"}, {"price": "0.884", "size": "6.35"}, {"price": "0.883", "size": "111.11"}, {"price": "0.882", "size": "93.22"}, {"price": "0.872", "size": "66.66"}, {"price": "0.802", "size": "5.05"}, {"price": "0.782", "size": "29.99"}, {"price": "0.767", "size": "91.66"}, {"price": "0.766", "size": "38"}], "event_type": "book", "last_trade_price": ""}]}
{"_local_timestamp": "2026-01-25T23:41:56.710026+00:00", "data": {"market": "0x0a26a2aeaee92f943b6a5649c4a096766f07675c6c710527fca730bd1e395797", "price_changes": [{"asset_id": "17119154060762939837303153532154744480893515299339917817378655626147529788480", "price": "0.651", "size": "58.37", "side": "BUY", "hash": "b5dfc0018511ecdfdb4bebf8352952309476a3ae", "best_bid": "0.669", "best_ask": "0.766"}, {"asset_id": "36811490115386059879633839618034808068483628089964044239383524809316618024310", "price": "0.349", "size": "58.37", "side": "SELL", "hash": "e31f15366056221342165b64202324ee68fd2d79", "best_bid": "0.234", "best_ask": "0.331"}], "timestamp": "1769384516645", "event_type": "price_change"}}
{"_local_timestamp": "2026-01-25T23:43:41.754074+00:00", "data": {"market": "0x0a26a2aeaee92f943b6a5649c4a096766f07675c6c710527fca730bd1e395797", "price_changes": [{"asset_id": "17119154060762939837303153532154744480893515299339917817378655626147529788480", "price": "0.651", "size": "0", "side": "BUY", "hash": "9a679cbab16b9c230ac413ef6f949f284c822d76", "best_bid": "0.669", "best_ask": "0.766"}, {"asset_id": "36811490115386059879633839618034808068483628089964044239383524809316618024310", "price": "0.349", "size": "0", "side": "SELL", "hash": "66d57f8b8d53d360bc4d9d1f9c869462116cde3c", "best_bid": "0.234", "best_ask": "0.331"}], "timestamp": "1769384621689", "event_type": "price_change"}}
{"_local_timestamp": "2026-01-25T23:44:47.619807+00:00", "data": {"market": "0x0a26a2aeaee92f943b6a5649c4a096766f07675c6c710527fca730bd1e395797", "price_changes": [{"asset_id": "17119154060762939837303153532154744480893515299339917817378655626147529788480", "price": "0.615", "size": "0", "side": "BUY", "hash": "0e32881714ebebaa9fceeb7170619b5dcb9a896f", "best_bid": "0.669", "best_ask": "0.766"}, {"asset_id": "36811490115386059879633839618034808068483628089964044239383524809316618024310", "price": "0.385", "size": "0", "side": "SELL", "hash": "3e0e413b8a9376a86d93c9dd977b6babd1ea3104", "best_bid": "0.234", "best_ask": "0.331"}], "timestamp": "1769384687468", "event_type": "price_change"}}
{"_local_timestamp": "2026-01-25T23:45:14.739352+00:00", "data": {"market": "0x0a26a2aeaee92f943b6a5649c4a096766f07675c6c710527fca730bd1e395797", "price_changes": [{"asset_id": "17119154060762939837303153532154744480893515299339917817378655626147529788480", "price": "0.651", "size": "58.37", "side": "BUY", "hash": "cfa09d902364491320b8633cd4205227959a1692", "best_bid": "0.669", "best_ask": "0.766"}, {"asset_id": "36811490115386059879633839618034808068483628089964044239383524809316618024310", "price": "0.349", "size": "58.37", "side": "SELL", "hash": "875095d019b087911f00761194d877ad93bdd28d", "best_bid": "0.234", "best_ask": "0.331"}], "timestamp": "1769384714660", "event_type": "price_change"}}
{"_local_timestamp": "2026-01-25T23:45:19.138294+00:00", "data": {"market": "0x0a26a2aeaee92f943b6a5649c4a096766f07675c6c710527fca730bd1e395797", "price_changes": [{"asset_id": "17119154060762939837303153532154744480893515299339917817378655626147529788480", "price": "0.615", "size": "45", "side": "BUY", "hash": "412b3c3c4d9b24b4f63f130290c3bb21eab51786", "best_bid": "0.669", "best_ask": "0.766"}, {"asset_id": "36811490115386059879633839618034808068483628089964044239383524809316618024310", "price": "0.385", "size": "45", "side": "SELL", "hash": "22f619d381d0d976b201c838c654a5bf87f1204d", "best_bid": "0.234", "best_ask": "0.331"}], "timestamp": "1769384719035", "event_type": "price_change"}}
{"_local_timestamp": "2026-01-25T23:45:25.935585+00:00", "data": {"market": "0x0a26a2aeaee92f943b6a5649c4a096766f07675c6c710527fca730bd1e395797", "price_changes": [{"asset_id": "17119154060762939837303153532154744480893515299339917817378655626147529788480", "price": "0.652", "size": "45", "side": "BUY", "hash": "c939fb380ce7ef323e7e3ee8e041675e1f3d37ca", "best_bid": "0.669", "best_ask": "0.766"}, {"asset_id": "36811490115386059879633839618034808068483628089964044239383524809316618024310", "price": "0.348", "size": "45", "side": "SELL", "hash": "abd6314170fcd3aced7d3cb99c44508c11bfd9ff", "best_bid": "0.234", "best_ask": "0.331"}], "timestamp": "1769384725857", "event_type": "price_change"}}
{"_local_timestamp": "2026-01-25T23:45:26.346445+00:00", "data": {"market": "0x0a26a2aeaee92f943b6a5649c4a096766f07675c6c710527fca730bd1e395797", "price_changes": [{"asset_id": "17119154060762939837303153532154744480893515299339917817378655626147529788480", "price": "0.615", "size": "0", "side": "BUY", "hash": "905f85bccebd713ce71d34e2f8907f949b7f12eb", "best_bid": "0.669", "best_ask": "0.766"}, {"asset_id": "36811490115386059879633839618034808068483628089964044239383524809316618024310", "price": "0.385", "size": "0", "side": "SELL", "hash": "2ab82d5b238b17710cfb319c39382db284ff547f", "best_bid": "0.234", "best_ask": "0.331"}], "timestamp": "1769384726274", "event_type": "price_change"}}
{"_local_timestamp": "2026-01-25T23:47:01.598239+00:00", "data": {"market": "0x0a26a2aeaee92f943b6a5649c4a096766f07675c6c710527fca730bd1e395797", "price_changes": [{"asset_id": "17119154060762939837303153532154744480893515299339917817378655626147529788480", "price": "0.651", "size": "0", "side": "BUY", "hash": "06edba5166a4ee433bd34d7f7d4b0650aaf31507", "best_bid": "0.669", "best_ask": "0.766"}, {"asset_id": "36811490115386059879633839618034808068483628089964044239383524809316618024310", "price": "0.349", "size": "0", "side": "SELL", "hash": "64f9ca2e7e44ee4389aaf2980e1ee0c2564438b1", "best_bid": "0.234", "best_ask": "0.331"}], "timestamp": "1769384821435", "event_type": "price_change"}}
