{"_local_timestamp": "2026-01-25T23:40:53.295442+00:00", "data": [{"market": "0x4373eadfa50de6a61977e05eb4b05ddfbb644722a5b5f21d522b4d00cb8f419c", "asset_id": "42479081445791119611571249310309656672517338558233480123302444789598401007788", "timestamp": "1769384385724", "hash": "0dbb5b9791801176ba441f989fb089eda952f5bd", "bids": [{"price": "0.001", "size": "6784.03"}, {"price": "0.002", "size": "827.33"}, {"price": "0.003", "size": "218.12"}, {"price": "0.004", "size": "113.52"}, {"price": "0.005", "size": "21.48"}, {"price": "0.006", "size": "60"}, {"price": "0.007", "size": "80.34"}, {"price": "0.008", "size": "25.79"}, {"price": "0.01", "size": "15"}, {"price": "0.011", "size": "14.7"}, {"price": "0.019", "size": "40"}], "asks": [{"price": "0.999", "size": "4762.08"}, {"price": "0.998", "size": "1255.05"}, {"price": "0.997", "size": "1000"}, {"price": "0.996", "size": "21.66"}, {"price": "0.99", "size": "46168"}, {"price": "0.98", "size": "9592"}, {"price": "0.979", "size": "14.99"}, {"price": "0.978", "size": "10.67"}, {"price": "0.96", "size": "4096"}, {"price": "0.95", "size": "30"}, {"price": "0.949", "size": "39"}, {"price": "0.92", "size": "1224"}, {"price": "0.919", "size": "8.19"}, {"price": "0.85", "size": "800"}, {"price": "0.84", "size": "912"}, {"price": "0.79", "size": "100"}, {"price": "0.74", "size": "1250"}, {"price": "0.739", "size": "250"}, {"price": "0.68", "size": "306"}, {"price": "0.66", "size": "125"}, {"price": "0.52", "size": "1065.81"}, {"price": "0.519", "size": "5"}, {"price": "0.36", "size": "128"}, {"price": "0.28", "size": "96"}, {"price": "0.2", "size": "314"}, {"price": "0.199", "size": "66.66"}, {"price": "0.16", "size": "48"}, {"price": "0.137", "size": "66.66"}, {"price": "0.136", "size": "30"}, {"price": "0.09", "size": "4.74"}, {"price": "0.085", "size": "5"}, {"price": "0.08", "size": "15"}, {"price": "0.069", "size": "66.66"}, {"price": "0.068", "size": "44.43"}], "event_type": "book", "last_trade_price": "0.020"}, {"market": "0x4373eadfa50de6a61977e05eb4b05ddfbb644722a5b5f21d522b4d00cb8f419c", "asset_id": "95259527103856912045804525437718309745934937768465583929329345047712329516347", "timestamp": "1769384385724", "hash": "9c467a989a0e432433083c27dd1bf750980c506b", "bids": [{"price": "0.001", "size": "4762.08"}, {"price": "0.002", "size": "1255.05"}, {"price": "0.003", "size": "1000"}, {"price": "0.004", "size": "21.66"}, {"price": "0.01", "size": "46168"}, {"price": "0.02", "size": "9592"}, {"price": "0.021", "size": "14.99"}, {"price": "0.022", "size": "10.67"}, {"price": "0.04", "size": "4096"}, {"price": "0.05", "size": "30"}, {"price": "0.051", "size": "39"}, {"price": "0.08", "size": "1224"}, {"price": "0.081", "size": "8.19"}, {"price": "0.15", "size": "800"}, {"price": "0.16", "size": "912"}, {"price": "0.21", "size": "100"}, {"price": "0.26", "size": "1250"}, {"price": "0.261", "size": "250"}, {"price": "0.32", "size": "306"}, {"price": "0.34", "size": "125"}, {"price": "0.48", "size": "1065.81"}, {"price": "0.481", "size": "5"}, {"price": "0.64", "size": "128"}, {"price": "0.72", "size": "96"}, {"price": "0.8", "size": "314"}, {"price": "0.801", "size": "66.66"}, {"price": "0.84", "size": "48"}, {"price": "0.863", "size": "66.66"}, {"price": "0.864", "size": "30"}, {"price": "0.91", "size": "4.74"}, {"price": "0.915", "size": "5"}, {"price": "0.92", "size": "15"}, {"price": "0.931", "size": "66.66"}, {"price": "0.932", "size": "44.43"}], "asks": [{"price": "0.999", "size": "6784.03"}, {"price": "0.998", "size": "827.33"}, {"price": "0.997", "size": "218.12"}, {"price": "0.996", "size": "113.52"}, {"price": "0.995", "size": "21.48"}, {"price": "0.994", "size": "60"}, {"price": "0.993", "size": "80.34"}, {"price": "0.992", "size": "25.79"}, {"price": "0.99", "size": "15"}, {"price": "0.989", "size": "14.7"}, {"price": "0.981", "size": "40"}], "event_type": "book", "last_trade_price": "0.020"}]}
{"_local_timestamp": "2026-01-25T23:41:08.477862+00:00", "data": {"market": "0x4373eadfa50de6a61977e05eb4b05ddfbb644722a5b5f21d522b4d00cb8f419c", "price_changes": [{"asset_id": "95259527103856912045804525437718309745934937768465583929329345047712329516347", "price": "0.931", "size": "0", "side": "BUY", "hash": "5e20f6b4870a33dfd6edcf5a312587e4f6861d7d", "best_bid": "0.932", "best_ask": "0.981"}, {"asset_id": "42479081445791119611571249310309656672517338558233480123302444789598401007788", "price": "0.069", "size": "0", "side": "SELL", "hash": "879df5bdb547419cf2eb9660bea65f4675e9c5ca", "best_bid": "0.019", "best_ask": "0.068"}], "timestamp": "1769384468403", "event_type": "price_change"}}
{"_local_timestamp": "2026-01-25T23:41:08.478896+00:00", "data": {"market": "0x4373eadfa50de6a61977e05eb4b05ddfbb644722a5b5f21d522b4d00cb8f419c", "price_changes": [{"asset_id": "95259527103856912045804525437718309745934937768465583929329345047712329516347", "price": "0.863", "size": "0", "side": "BUY", "hash": "5e20f6b4870a33dfd6edcf5a312587e4f6861d7d", "best_bid": "0.932", "best_ask": "0.981"}, {"asset_id": "42479081445791119611571249310309656672517338558233480123302444789598401007788", "price": "0.137", "size": "0", "side": "SELL", "hash": "879df5bdb547419cf2eb9660bea65f4675e9c5ca", "best_bid": "0.019", "best_ask": "0.068"}], "timestamp": "1769384468403", "event_type": "price_change"}}
{"_local_timestamp": "2026-01-25T23:41:08.479759+00:00", "data": {"market": "0x4373eadfa50de6a61977e05eb4b05ddfbb644722a5b5f21d522b4d00cb8f419c", "price_changes": [{"asset_id": "95259527103856912045804525437718309745934937768465583929329345047712329516347", "price": "0.801", "size": "0", "side": "BUY", "hash": "5e20f6b4870a33dfd6edcf5a312587e4f6861d7d", "best_bid": "0.932", "best_ask": "0.981"}, {"asset_id": "42479081445791119611571249310309656672517338558233480123302444789598401007788", "price": "0.199", "size": "0", "side": "SELL", "hash": "879df5bdb547419cf2eb9660bea65f4675e9c5ca", "best_bid": "0.019", "best_ask": "0.068"}], "timestamp": "1769384468403", "event_type": "price_change"}}
{"_local_timestamp": "2026-01-25T23:41:09.161613+00:00", "data": {"market": "0x4373eadfa50de6a61977e05eb4b05ddfbb644722a5b5f21d522b4d00cb8f419c", "price_changes": [{"asset_id": "95259527103856912045804525437718309745934937768465583929329345047712329516347", "price": "0.826", "size": "66.66", "side": "BUY", "hash": "5c0d44c55e9b5b0b7164aeb513cd1e7f5aca34b2", "best_bid": "0.932", "best_ask": "0.981"}, {"asset_id": "42479081445791119611571249310309656672517338558233480123302444789598401007788", "price": "0.174", "size": "66.66", "side": "SELL", "hash": "2e87a8668f3e3e17baaa3227a441012bb631306b", "best_bid": "0.019", "best_ask": "0.068"}], "timestamp": "1769384469090", "event_type": "price_change"}}
{"_local_timestamp": "2026-01-25T23:41:09.224954+00:00", "data": {"market": "0x4373eadfa50de6a61977e05eb4b05ddfbb644722a5b5f21d522b4d00cb8f419c", "price_changes": [{"asset_id": "95259527103856912045804525437718309745934937768465583929329345047712329516347", "price": "0.933", "size": "66.66", "side": "BUY", "hash": "aea359fc382c64e27c7f9072436211dcc9bb3e3b", "best_bid": "0.933", "best_ask": "0.981"}, {"asset_id": "42479081445791119611571249310309656672517338558233480123302444789598401007788", "price": "0.067", "size": "66.66", "side": "SELL", "hash": "a85b84cb58d62e8f37e4a95a272ad842447483d6", "best_bid": "0.019", "best_ask": "0.067"}], "timestamp": "1769384469155", "event_type": "price_change"}}
{"_local_timestamp": "2026-01-25T23:41:09.370461+00:00", "data": {"market": "0x4373eadfa50de6a61977e05eb4b05ddfbb644722a5b5f21d522b4d00cb8f419c", "price_changes": [{"asset_id": "95259527103856912045804525437718309745934937768465583929329345047712329516347", "price": "0.721", "size": "66.66", "side": "BUY", "hash": "f7c4f4c989b6e514aabb2cb8165104e63727838e", "best_bid": "0.933", "best_ask": "0.981"}, {"asset_id": "42479081445791119611571249310309656672517338558233480123302444789598401007788", "price": "0.279", "size": "66.66", "side": "SELL", "hash": "69d7a8954f9af054c959f1fd1db86b8fc02809ec", "best_bid": "0.019", "best_ask": "0.067"}], "timestamp": "1769384469298", "event_type": "price_change"}}
{"_local_timestamp": "2026-01-25T23:41:09.469994+00:00", "data": {"market": "0x4373eadfa50de6a61977e05eb4b05ddfbb644722a5b5f21d522b4d00cb8f419c", "price_changes": [{"asset_id": "42479081445791119611571249310309656672517338558233480123302444789598401007788", "price": "0.136", "size": "0", "side": "SELL", "hash": "6a74cf58fbdb624ac1e8f17be84a7f7b730a4a2c", "best_bid": "0.019", "best_ask": "0.067"}, {"asset_id": "95259527103856912045804525437718309745934937768465583929329345047712329516347", "price": "0.864", "size": "0", "side": "BUY", "hash": "363feee41c5f813589a6222f8af072e0cd417eec", "best_bid": "0.933", "best_ask": "0.981"}], "timestamp": "1769384469392", "event_type": "price_change"}}
{"_local_timestamp": "2026-01-25T23:41:09.516189+00:00", "data": {"market": "0x4373eadfa50de6a61977e05eb4b05ddfbb644722a5b5f21d522b4d00cb8f419c", "price_changes": [{"asset_id": "42479081445791119611571249310309656672517338558233480123302444789598401007788", "price": "0.199", "size": "30", "side": "SELL", "hash": "fa1ed31c6dc212ab2f419eba6e60d73ac47b978b", "best_bid": "0.019", "best_ask": "0.067"}, {"asset_id": "95259527103856912045804525437718309745934937768465583929329345047712329516347", "price": "0.801", "size": "30", "side": "BUY", "hash": "788e7ea45be92655d8d77dfaeab567ff69589f9d", "best_bid": "0.933", "best_ask": "0.981"}], "timestamp": "1769384469452", "event_type": "price_change"}}
{"_local_timestamp": "2026-01-25T23:42:07.192700+00:00", "data": {"market": "0x4373eadfa50de6a61977e05eb4b05ddfbb644722a5b5f21d522b4d00cb8f419c", "price_changes": [{"asset_id": "42479081445791119611571249310309656672517338558233480123302444789598401007788", "price": "0.007", "size": "35.36", "side": "BUY", "hash": "ec57cc1e2bd7e6a56e58a02e94cec99bf3fb1076", "best_bid": "0.019", "best_ask": "0.067"}, {"asset_id": "95259527103856912045804525437718309745934937768465583929329345047712329516347", "price": "0.993", "size": "35.36", "side": "SELL", "hash": "5da3c0909a338e5c62244bc30bbe3a515fa8ec7b", "best_bid": "0.933", "best_ask": "0.981"}], "timestamp": "1769384527126", "event_type": "price_change"}}
{"_local_timestamp": "2026-01-25T23:42:07.652463+00:00", "data": {"market": "0x4373eadfa50de6a61977e05eb4b05ddfbb644722a5b5f21d522b4d00cb8f419c", "price_changes": [{"asset_id": "42479081445791119611571249310309656672517338558233480123302444789598401007788", "price": "0.007", "size": "80.34", "side": "BUY", "hash": "d561dc590e35e7276255293210d4b4c6d94d3e71", "best_bid": "0.019", "best_ask": "0.067"}, {"asset_id": "95259527103856912045804525437718309745934937768465583929329345047712329516347", "price": "0.993", "size": "80.34", "side": "SELL", "hash": "3ea4e3584d8f2cda6c37cd8e7c54c4d1d3d251c6", "best_bid": "0.933", "best_ask": "0.981"}], "timestamp": "1769384527573", "event_type": "price_change"}}
{"_local_timestamp": "2026-01-25T23:42:13.994689+00:00", "data": {"market": "0x4373eadfa50de6a61977e05eb4b05ddfbb644722a5b5f21d522b4d00cb8f419c", "price_changes": [{"asset_id": "42479081445791119611571249310309656672517338558233480123302444789598401007788", "price": "0.068", "size": "0", "side": "SELL", "hash": "179d1fcec5d9d198cdfbb84bfbe52b3352f6b36f", "best_bid": "0.019", "best_ask": "0.067"}, {"asset_id": "95259527103856912045804525437718309745934937768465583929329345047712329516347", "price": "0.932", "size": "0", "side": "BUY", "hash": "6a55d0b36a0fea3cec1afa4eddeaf31678da3ada", "best_bid": "0.933", "best_ask": "0.981"}], "timestamp": "1769384533930", "event_type": "price_change"}}
{"_local_timestamp": "2026-01-25T23:42:14.944240+00:00", "data": {"market": "0x4373eadfa50de6a61977e05eb4b05ddfbb644722a5b5f21d522b4d00cb8f419c", "price_changes": [{"asset_id": "42479081445791119611571249310309656672517338558233480123302444789598401007788", "price": "0.066", "size": "44.43", "side": "SELL", "hash": "2b84daaef7fb183a5df6f9ee80e865b976ca59c4", "best_bid": "0.019", "best_ask": "0.066"}, {"asset_id": "95259527103856912045804525437718309745934937768465583929329345047712329516347", "price": "0.934", "size": "44.43", "side": "BUY", "hash": "1a4f75ca34edb08d992511cfddacb269d640d6af", "best_bid": "0.934", "best_ask": "0.981"}], "timestamp": "1769384534849", "event_type": "price_change"}}
