{"_local_timestamp": "2026-01-25T23:33:34.071932+00:00", "data": [{"market": "0x9c414cb64000dc7645b2bba8d7586746f3ddb1cfd1b564769188b81cd63ad667", "asset_id": "36728857867611633133460325558184760302806953709023401335708530985825837184180", "timestamp": "1769384013525", "hash": "ce64d9ff144a4b722d66ea848aab13a7b23cab89", "bids": [{"price": "0.01", "size": "3760"}, {"price": "0.02", "size": "1759.45"}, {"price": "0.03", "size": "383"}, {"price": "0.04", "size": "758.14"}, {"price": "0.05", "size": "1960"}, {"price": "0.06", "size": "375"}, {"price": "0.07", "size": "986.71"}, {"price": "0.08", "size": "175.81"}, {"price": "0.09", "size": "278"}, {"price": "0.1", "size": "90"}, {"price": "0.13", "size": "600"}, {"price": "0.14", "size": "1699.94"}, {"price": "0.15", "size": "341.66"}, {"price": "0.16", "size": "48.25"}], "asks": [{"price": "0.99", "size": "5809.7"}, {"price": "0.98", "size": "1400"}, {"price": "0.97", "size": "8.75"}, {"price": "0.92", "size": "650"}, {"price": "0.91", "size": "7.01"}, {"price": "0.88", "size": "100"}, {"price": "0.87", "size": "261.53"}, {"price": "0.85", "size": "800"}, {"price": "0.83", "size": "188.23"}, {"price": "0.8", "size": "1200"}, {"price": "0.79", "size": "2231.33"}, {"price": "0.78", "size": "50"}, {"price": "0.74", "size": "100"}, {"price": "0.73", "size": "5387"}, {"price": "0.72", "size": "250"}, {"price": "0.7", "size": "80"}, {"price": "0.66", "size": "183.82"}, {"price": "0.62", "size": "5"}, {"price": "0.48", "size": "25"}, {"price": "0.47", "size": "20.75"}, {"price": "0.25", "size": "105"}, {"price": "0.24", "size": "95.26"}, {"price": "0.2", "size": "820"}, {"price": "0.19", "size": "1566.46"}, {"price": "0.18", "size": "254.85"}], "event_type": "book", "last_trade_price": ""}, {"market": "0x9c414cb64000dc7645b2bba8d7586746f3ddb1cfd1b564769188b81cd63ad667", "asset_id": "50100538913445815307703112616258975070399904586460690699614749314148623601110", "timestamp": "1769384013525", "hash": "7788e003edc06e40fefd2920173aedb10047c2a5", "bids": [{"price": "0.01", "size": "5809.7"}, {"price": "0.02", "size": "1400"}, {"price": "0.03", "size": "8.75"}, {"price": "0.08", "size": "650"}, {"price": "0.09", "size": "7.01"}, {"price": "0.12", "size": "100"}, {"price": "0.13", "size": "261.53"}, {"price": "0.15", "size": "800"}, {"price": "0.17", "size": "188.23"}, {"price": "0.2", "size": "1200"}, {"price": "0.21", "size": "2231.33"}, {"price": "0.22", "size": "50"}, {"price": "0.26", "size": "100"}, {"price": "0.27", "size": "5387"}, {"price": "0.28", "size": "250"}, {"price": "0.3", "size": "80"}, {"price": "0.34", "size": "183.82"}, {"price": "0.38", "size": "5"}, {"price": "0.52", "size": "25"}, {"price": "0.53", "size": "20.75"}, {"price": "0.75", "size": "105"}, {"price": "0.76", "size": "95.26"}, {"price": "0.8", "size": "820"}, {"price": "0.81", "size": "1566.46"}, {"price": "0.82", "size": "254.85"}], "asks": [{"price": "0.99", "size": "3760"}, {"price": "0.98", "size": "1759.45"}, {"price": "0.97", "size": "383"}, {"price": "0.96", "size": "758.14"}, {"price": "0.95", "size": "1960"}, {"price": "0.94", "size": "375"}, {"price": "0.93", "size": "986.71"}, {"price": "0.92", "size": "175.81"}, {"price": "0.91", "size": "278"}, {"price": "0.9", "size": "90"}, {"price": "0.87", "size": "600"}, {"price": "0.86", "size": "1699.94"}, {"price": "0.85", "size": "341.66"}, {"price": "0.84", "size": "48.25"}], "event_type": "book", "last_trade_price": ""}]}
{"_local_timestamp": "2026-01-25T23:34:10.643594+00:00", "data": {"market": "0x9c414cb64000dc7645b2bba8d7586746f3ddb1cfd1b564769188b81cd63ad667", "price_changes": [{"asset_id": "50100538913445815307703112616258975070399904586460690699614749314148623601110", "price": "0.27", "size": "250", "side": "BUY", "hash": "938eff5a0b58a9cad6d2cb48059dcdc0ffd6b5f0", "best_bid": "0.82", "best_ask": "0.84"}, {"asset_id": "36728857867611633133460325558184760302806953709023401335708530985825837184180", "price": "0.73", "size": "250", "side": "SELL", "hash": "b181733b2641ce23427410c647ff93bcc50b78d2", "best_bid": "0.16", "best_ask": "0.18"}], "timestamp": "1769384050398", "event_type": "price_change"}}
{"_local_timestamp": "2026-01-25T23:34:10.761166+00:00", "data": {"market": "0x9c414cb64000dc7645b2bba8d7586746f3ddb1cfd1b564769188b81cd63ad667", "price_changes": [{"asset_id": "50100538913445815307703112616258975070399904586460690699614749314148623601110", "price": "0.35", "size": "3981", "side": "BUY", "hash": "cd5e938f6720a62bde5423748beb853efc7279be", "best_bid": "0.82", "best_ask": "0.84"}, {"asset_id": "36728857867611633133460325558184760302806953709023401335708530985825837184180", "price": "0.65", "size": "3981", "side": "SELL", "hash": "7e80c7def2dee9e050e506c11e7a9e923d2a0ffd", "best_bid": "0.16", "best_ask": "0.18"}], "timestamp": "1769384050567", "event_type": "price_change"}}
{"_local_timestamp": "2026-01-25T23:34:20.048199+00:00", "data": {"market": "0x9c414cb64000dc7645b2bba8d7586746f3ddb1cfd1b564769188b81cd63ad667", "price_changes": [{"asset_id": "50100538913445815307703112616258975070399904586460690699614749314148623601110", "price": "0.21", "size": "233.33", "side": "BUY", "hash": "6532bc72e55cc3f1e975d3f35ae8313168ac3f1f", "best_bid": "0.82", "best_ask": "0.84"}, {"asset_id": "36728857867611633133460325558184760302806953709023401335708530985825837184180", "price": "0.79", "size": "233.33", "side": "SELL", "hash": "9e41f1a91f2ca704245b318f91c69bd16aa57cc2", "best_bid": "0.16", "best_ask": "0.18"}], "timestamp": "1769384059763", "event_type": "price_change"}}
{"_local_timestamp": "2026-01-25T23:35:23.791370+00:00", "data": {"market": "0x9c414cb64000dc7645b2bba8d7586746f3ddb1cfd1b564769188b81cd63ad667", "price_changes": [{"asset_id": "50100538913445815307703112616258975070399904586460690699614749314148623601110", "price": "0.27", "size": "200", "side": "BUY", "hash": "a1d1a68164a21e3a5cc336da6aebab43f3785bb7", "best_bid": "0.82", "best_ask": "0.84"}, {"asset_id": "36728857867611633133460325558184760302806953709023401335708530985825837184180", "price": "0.73", "size": "200", "side": "SELL", "hash": "aa149454243525663ce7fd6aae7c925ca055c6c4", "best_bid": "0.16", "best_ask": "0.18"}], "timestamp": "1769384123679", "event_type": "price_change"}}
{"_local_timestamp": "2026-01-25T23:35:24.017639+00:00", "data": {"market": "0x9c414cb64000dc7645b2bba8d7586746f3ddb1cfd1b564769188b81cd63ad667", "price_changes": [{"asset_id": "50100538913445815307703112616258975070399904586460690699614749314148623601110", "price": "0.28", "size": "300", "side": "BUY", "hash": "cac723443809bb6e0ca604ad703ba1e13d5f693d", "best_bid": "0.82", "best_ask": "0.84"}, {"asset_id": "36728857867611633133460325558184760302806953709023401335708530985825837184180", "price": "0.72", "size": "300", "side": "SELL", "hash": "fdaae7598f7bd65900b1629ba9c5a0fb153aa663", "best_bid": "0.16", "best_ask": "0.18"}], "timestamp": "1769384123940", "event_type": "price_change"}}
