{"_local_timestamp": "2026-01-25T23:40:31.183039+00:00", "data": [{"market": "0x966c4246b6fd493d3c8d8a78cd01af7e9ab37bfcdcfc443e52fff05c849849d3", "asset_id": "30067386062907888066453898823774239601138550807546707350388500862876873138732", "timestamp": "1769384430971", "hash": "09cd574f8b26dd742cb9cc6e43bbef92aaccb9bb", "bids": [{"price": "0.001", "size": "1086.05"}, {"price": "0.002", "size": "175.95"}, {"price": "0.007", "size": "6.09"}, {"price": "0.008", "size": "22.42"}, {"price": "0.009", "size": "44.86"}, {"price": "0.01", "size": "64"}, {"price": "0.025", "size": "100"}, {"price": "0.026", "size": "60"}, {"price": "0.027", "size": "49.99"}], "asks": [{"price": "0.999", "size": "3120.09"}, {"price": "0.998", "size": "22.39"}, {"price": "0.99", "size": "23"}, {"price": "0.989", "size": "8.41"}, {"price": "0.97", "size": "124"}, {"price": "0.969", "size": "8.37"}, {"price": "0.95", "size": "30"}, {"price": "0.9", "size": "360"}, {"price": "0.899", "size": "5.91"}, {"price": "0.85", "size": "226.66"}, {"price": "0.8", "size": "160"}, {"price": "0.76", "size": "116.66"}, {"price": "0.733", "size": "5"}, {"price": "0.71", "size": "89.65"}, {"price": "0.66", "size": "70.58"}, {"price": "0.61", "size": "51.28"}, {"price": "0.599", "size": "400"}, {"price": "0.598", "size": "5"}, {"price": "0.15", "size": "20"}, {"price": "0.08", "size": "102.33"}, {"price": "0.079", "size": "392.1"}, {"price": "0.071", "size": "700"}, {"price": "0.07", "size": "700"}, {"price": "0.068", "size": "4828.66"}, {"price": "0.067", "size": "10.6"}], "event_type": "book", "last_trade_price": "0.932"}, {"market": "0x966c4246b6fd493d3c8d8a78cd01af7e9ab37bfcdcfc443e52fff05c849849d3", "asset_id": "53912148792122350875306836591858850656555508262107599828438357128873832212220", "timestamp": "1769384430971", "hash": "bcd716cfe866a1943411133808eb25973c23703b", "bids": [{"price": "0.001", "size": "3120.09"}, {"price": "0.002", "size": "22.39"}, {"price": "0.01", "size": "23"}, {"price": "0.011", "size": "8.41"}, {"price": "0.03", "size": "124"}, {"price": "0.031", "size": "8.37"}, {"price": "0.05", "size": "30"}, {"price": "0.1", "size": "360"}, {"price": "0.101", "size": "5.91"}, {"price": "0.15", "size": "226.66"}, {"price": "0.2", "size": "160"}, {"price": "0.24", "size": "116.66"}, {"price": "0.267", "size": "5"}, {"price": "0.29", "size": "89.65"}, {"price": "0.34", "size": "70.58"}, {"price": "0.39", "size": "51.28"}, {"price": "0.401", "size": "400"}, {"price": "0.402", "size": "5"}, {"price": "0.85", "size": "20"}, {"price": "0.92", "size": "102.33"}, {"price": "0.921", "size": "392.1"}, {"price": "0.929", "size": "700"}, {"price": "0.93", "size": "700"}, {"price": "0.932", "size": "4828.66"}, {"price": "0.933", "size": "10.6"}], "asks": [{"price": "0.999", "size": "1086.05"}, {"price": "0.998", "size": "175.95"}, {"price": "0.993", "size": "6.09"}, {"price": "0.992", "size": "22.42"}, {"price": "0.991", "size": "44.86"}, {"price": "0.99", "size": "64"}, {"price": "0.975", "size": "100"}, {"price": "0.974", "size": "60"}, {"price": "0.973", "size": "49.99"}], "event_type": "book", "last_trade_price": "0.932"}]}
{"_local_timestamp": "2026-01-25T23:40:32.100419+00:00", "data": {"market": "0x966c4246b6fd493d3c8d8a78cd01af7e9ab37bfcdcfc443e52fff05c849849d3", "price_changes": [{"asset_id": "30067386062907888066453898823774239601138550807546707350388500862876873138732", "price": "0.002", "size": "114.53", "side": "BUY", "hash": "a8c1ea0adb709030f5045e537e2a5ae1fccad9be", "best_bid": "0.027", "best_ask": "0.067"}, {"asset_id": "53912148792122350875306836591858850656555508262107599828438357128873832212220", "price": "0.998", "size": "114.53", "side": "SELL", "hash": "837b660331e44907f6b799e7382693dc9560bb09", "best_bid": "0.933", "best_ask": "0.973"}], "timestamp": "1769384432019", "event_type": "price_change"}}
{"_local_timestamp": "2026-01-25T23:40:32.100808+00:00", "data": {"market": "0x966c4246b6fd493d3c8d8a78cd01af7e9ab37bfcdcfc443e52fff05c849849d3", "price_changes": [{"asset_id": "30067386062907888066453898823774239601138550807546707350388500862876873138732", "price": "0.007", "size": "0", "side": "BUY", "hash": "a8c1ea0adb709030f5045e537e2a5ae1fccad9be", "best_bid": "0.027", "best_ask": "0.067"}, {"asset_id": "53912148792122350875306836591858850656555508262107599828438357128873832212220", "price": "0.993", "size": "0", "side": "SELL", "hash": "837b660331e44907f6b799e7382693dc9560bb09", "best_bid": "0.933", "best_ask": "0.973"}], "timestamp": "1769384432019", "event_type": "price_change"}}
{"_local_timestamp": "2026-01-25T23:40:32.101297+00:00", "data": {"market": "0x966c4246b6fd493d3c8d8a78cd01af7e9ab37bfcdcfc443e52fff05c849849d3", "price_changes": [{"asset_id": "30067386062907888066453898823774239601138550807546707350388500862876873138732", "price": "0.008", "size": "0", "side": "BUY", "hash": "a8c1ea0adb709030f5045e537e2a5ae1fccad9be", "best_bid": "0.027", "best_ask": "0.067"}, {"asset_id": "53912148792122350875306836591858850656555508262107599828438357128873832212220", "price": "0.992", "size": "0", "side": "SELL", "hash": "837b660331e44907f6b799e7382693dc9560bb09", "best_bid": "0.933", "best_ask": "0.973"}], "timestamp": "1769384432019", "event_type": "price_change"}}
{"_local_timestamp": "2026-01-25T23:40:32.101678+00:00", "data": {"market": "0x966c4246b6fd493d3c8d8a78cd01af7e9ab37bfcdcfc443e52fff05c849849d3", "price_changes": [{"asset_id": "30067386062907888066453898823774239601138550807546707350388500862876873138732", "price": "0.009", "size": "22.43", "side": "BUY", "hash": "a8c1ea0adb709030f5045e537e2a5ae1fccad9be", "best_bid": "0.027", "best_ask": "0.067"}, {"asset_id": "53912148792122350875306836591858850656555508262107599828438357128873832212220", "price": "0.991", "size": "22.43", "side": "SELL", "hash": "837b660331e44907f6b799e7382693dc9560bb09", "best_bid": "0.933", "best_ask": "0.973"}], "timestamp": "1769384432019", "event_type": "price_change"}}
{"_local_timestamp": "2026-01-25T23:40:32.126332+00:00", "data": {"market": "0x966c4246b6fd493d3c8d8a78cd01af7e9ab37bfcdcfc443e52fff05c849849d3", "price_changes": [{"asset_id": "30067386062907888066453898823774239601138550807546707350388500862876873138732", "price": "0.01", "size": "0", "side": "BUY", "hash": "0634cdbdf3ede11f7d466adc2b29a269a15d718a", "best_bid": "0.027", "best_ask": "0.067"}, {"asset_id": "53912148792122350875306836591858850656555508262107599828438357128873832212220", "price": "0.99", "size": "0", "side": "SELL", "hash": "313dd383140b5796bb1c2c41ea4e41e377722833", "best_bid": "0.933", "best_ask": "0.973"}], "timestamp": "1769384432061", "event_type": "price_change"}}
{"_local_timestamp": "2026-01-25T23:40:32.154697+00:00", "data": {"market": "0x966c4246b6fd493d3c8d8a78cd01af7e9ab37bfcdcfc443e52fff05c849849d3", "price_changes": [{"asset_id": "30067386062907888066453898823774239601138550807546707350388500862876873138732", "price": "0.01", "size": "15", "side": "BUY", "hash": "7105ccdcad26055e1327aa484ff8825ce8a26b92", "best_bid": "0.027", "best_ask": "0.067"}, {"asset_id": "53912148792122350875306836591858850656555508262107599828438357128873832212220", "price": "0.99", "size": "15", "side": "SELL", "hash": "89a3d6b7cb452522014c8322618fa4dc1f482312", "best_bid": "0.933", "best_ask": "0.973"}], "timestamp": "1769384432089", "event_type": "price_change"}}
{"_local_timestamp": "2026-01-25T23:40:32.279467+00:00", "data": {"market": "0x966c4246b6fd493d3c8d8a78cd01af7e9ab37bfcdcfc443e52fff05c849849d3", "price_changes": [{"asset_id": "30067386062907888066453898823774239601138550807546707350388500862876873138732", "price": "0.011", "size": "20.72", "side": "BUY", "hash": "5befdacc063d18068ce22af06b483a0403b7bef3", "best_bid": "0.027", "best_ask": "0.067"}, {"asset_id": "53912148792122350875306836591858850656555508262107599828438357128873832212220", "price": "0.989", "size": "20.72", "side": "SELL", "hash": "7239b3cfa4cb334e63bd242a9551c44656bce4c8", "best_bid": "0.933", "best_ask": "0.973"}], "timestamp": "1769384432207", "event_type": "price_change"}}
{"_local_timestamp": "2026-01-25T23:40:32.280383+00:00", "data": {"market": "0x966c4246b6fd493d3c8d8a78cd01af7e9ab37bfcdcfc443e52fff05c849849d3", "price_changes": [{"asset_id": "30067386062907888066453898823774239601138550807546707350388500862876873138732", "price": "0.003", "size": "15.14", "side": "BUY", "hash": "80fd0f7d69c7e635d3acb887e9de51560ac86111", "best_bid": "0.027", "best_ask": "0.067"}, {"asset_id": "53912148792122350875306836591858850656555508262107599828438357128873832212220", "price": "0.997", "size": "15.14", "side": "SELL", "hash": "02801ef137cf4ba67f35e380ac0d18e645f20514", "best_bid": "0.933", "best_ask": "0.973"}], "timestamp": "1769384432208", "event_type": "price_change"}}
{"_local_timestamp": "2026-01-25T23:40:32.280772+00:00", "data": {"market": "0x966c4246b6fd493d3c8d8a78cd01af7e9ab37bfcdcfc443e52fff05c849849d3", "price_changes": [{"asset_id": "30067386062907888066453898823774239601138550807546707350388500862876873138732", "price": "0.003", "size": "30.28", "side": "BUY", "hash": "9eac0b290258a4c509ed6231bfdfb6688552ef93", "best_bid": "0.027", "best_ask": "0.067"}, {"asset_id": "53912148792122350875306836591858850656555508262107599828438357128873832212220", "price": "0.997", "size": "30.28", "side": "SELL", "hash": "aec8574b392549744a7478900f6886caed635d13", "best_bid": "0.933", "best_ask": "0.973"}], "timestamp": "1769384432210", "event_type": "price_change"}}
{"_local_timestamp": "2026-01-25T23:40:32.281078+00:00", "data": {"market": "0x966c4246b6fd493d3c8d8a78cd01af7e9ab37bfcdcfc443e52fff05c849849d3", "price_changes": [{"asset_id": "30067386062907888066453898823774239601138550807546707350388500862876873138732", "price": "0.011", "size": "41.44", "side": "BUY", "hash": "1ca435bcf40d97c0fef8cd09a8dab936a9aefa3b", "best_bid": "0.027", "best_ask": "0.067"}, {"asset_id": "53912148792122350875306836591858850656555508262107599828438357128873832212220", "price": "0.989", "size": "41.44", "side": "SELL", "hash": "b8d5dbbec0880e722c7a7f6e70a89570a0543856", "best_bid": "0.933", "best_ask": "0.973"}], "timestamp": "1769384432211", "event_type": "price_change"}}
{"_local_timestamp": "2026-01-25T23:40:32.935987+00:00", "data": {"market": "0x966c4246b6fd493d3c8d8a78cd01af7e9ab37bfcdcfc443e52fff05c849849d3", "price_changes": [{"asset_id": "30067386062907888066453898823774239601138550807546707350388500862876873138732", "price": "0.003", "size": "15.14", "side": "BUY", "hash": "86e732baf884c2d0ce013ce981bd6c97434f86fd", "best_bid": "0.027", "best_ask": "0.067"}, {"asset_id": "53912148792122350875306836591858850656555508262107599828438357128873832212220", "price": "0.997", "size": "15.14", "side": "SELL", "hash": "077600a7b24b53ccb12e1c916521523c55fbff45", "best_bid": "0.933", "best_ask": "0.973"}], "timestamp": "1769384432865", "event_type": "price_change"}}
{"_local_timestamp": "2026-01-25T23:40:32.936501+00:00", "data": {"market": "0x966c4246b6fd493d3c8d8a78cd01af7e9ab37bfcdcfc443e52fff05c849849d3", "price_changes": [{"asset_id": "30067386062907888066453898823774239601138550807546707350388500862876873138732", "price": "0.009", "size": "0", "side": "BUY", "hash": "86e732baf884c2d0ce013ce981bd6c97434f86fd", "best_bid": "0.027", "best_ask": "0.067"}, {"asset_id": "53912148792122350875306836591858850656555508262107599828438357128873832212220", "price": "0.991", "size": "0", "side": "SELL", "hash": "077600a7b24b53ccb12e1c916521523c55fbff45", "best_bid": "0.933", "best_ask": "0.973"}], "timestamp": "1769384432865", "event_type": "price_change"}}
{"_local_timestamp": "2026-01-25T23:40:32.936834+00:00", "data": {"market": "0x966c4246b6fd493d3c8d8a78cd01af7e9ab37bfcdcfc443e52fff05c849849d3", "price_changes": [{"asset_id": "30067386062907888066453898823774239601138550807546707350388500862876873138732", "price": "0.011", "size": "20.72", "side": "BUY", "hash": "86e732baf884c2d0ce013ce981bd6c97434f86fd", "best_bid": "0.027", "best_ask": "0.067"}, {"asset_id": "53912148792122350875306836591858850656555508262107599828438357128873832212220", "price": "0.989", "size": "20.72", "side": "SELL", "hash": "077600a7b24b53ccb12e1c916521523c55fbff45", "best_bid": "0.933", "best_ask": "0.973"}], "timestamp": "1769384432865", "event_type": "price_change"}}
{"_local_timestamp": "2026-01-25T23:40:33.215433+00:00", "data": {"market": "0x966c4246b6fd493d3c8d8a78cd01af7e9ab37bfcdcfc443e52fff05c849849d3", "price_changes": [{"asset_id": "30067386062907888066453898823774239601138550807546707350388500862876873138732", "price": "0.01", "size": "0", "side": "BUY", "hash": "943d185781e529abed19ed146c20aaa0e683e9e0", "best_bid": "0.027", "best_ask": "0.067"}, {"asset_id": "53912148792122350875306836591858850656555508262107599828438357128873832212220", "price": "0.99", "size": "0", "side": "SELL", "hash": "93eb1f6795f7216edaef805d15494e6689927ae2", "best_bid": "0.933", "best_ask": "0.973"}], "timestamp": "1769384433144", "event_type": "price_change"}}
{"_local_timestamp": "2026-01-25T23:40:33.216372+00:00", "data": {"market": "0x966c4246b6fd493d3c8d8a78cd01af7e9ab37bfcdcfc443e52fff05c849849d3", "price_changes": [{"asset_id": "30067386062907888066453898823774239601138550807546707350388500862876873138732", "price": "0.002", "size": "233.36", "side": "BUY", "hash": "2a42dd555cd1e58a0d82122f5d88855668eaf8df", "best_bid": "0.027", "best_ask": "0.067"}, {"asset_id": "53912148792122350875306836591858850656555508262107599828438357128873832212220", "price": "0.998", "size": "233.36", "side": "SELL", "hash": "02bcddb4b7a7cd8455023c419224d8e66d40869b", "best_bid": "0.933", "best_ask": "0.973"}], "timestamp": "1769384433145", "event_type": "price_change"}}
{"_local_timestamp": "2026-01-25T23:40:33.217079+00:00", "data": {"market": "0x966c4246b6fd493d3c8d8a78cd01af7e9ab37bfcdcfc443e52fff05c849849d3", "price_changes": [{"asset_id": "30067386062907888066453898823774239601138550807546707350388500862876873138732", "price": "0.002", "size": "352.19", "side": "BUY", "hash": "cb7701e1bdddd534906170681bad2eb63a09f2f4", "best_bid": "0.027", "best_ask": "0.067"}, {"asset_id": "53912148792122350875306836591858850656555508262107599828438357128873832212220", "price": "0.998", "size": "352.19", "side": "SELL", "hash": "e0def03d87e8255a9a7fd45a9a329f68a31120b7", "best_bid": "0.933", "best_ask": "0.973"}], "timestamp": "1769384433146", "event_type": "price_change"}}
{"_local_timestamp": "2026-01-25T23:40:33.240652+00:00", "data": {"market": "0x966c4246b6fd493d3c8d8a78cd01af7e9ab37bfcdcfc443e52fff05c849849d3", "price_changes": [{"asset_id": "30067386062907888066453898823774239601138550807546707350388500862876873138732", "price": "0.012", "size": "32", "side": "BUY", "hash": "032115360967a82eb55003825a360f589e404d1a", "best_bid": "0.027", "best_ask": "0.067"}, {"asset_id": "53912148792122350875306836591858850656555508262107599828438357128873832212220", "price": "0.988", "size": "32", "side": "SELL", "hash": "2e5fa4f33f0c5bcf8b4c76e4602348d8fd7794d0", "best_bid": "0.933", "best_ask": "0.973"}], "timestamp": "1769384433174", "event_type": "price_change"}}
{"_local_timestamp": "2026-01-25T23:40:34.280637+00:00", "data": {"market": "0x966c4246b6fd493d3c8d8a78cd01af7e9ab37bfcdcfc443e52fff05c849849d3", "price_changes": [{"asset_id": "30067386062907888066453898823774239601138550807546707350388500862876873138732", "price": "0.002", "size": "233.36", "side": "BUY", "hash": "aa863f04a271bb2ea64185d531c1439d89894c03", "best_bid": "0.027", "best_ask": "0.067"}, {"asset_id": "53912148792122350875306836591858850656555508262107599828438357128873832212220", "price": "0.998", "size": "233.36", "side": "SELL", "hash": "0d77ac207646f9ddb180e5cbd04e0b1e305c1668", "best_bid": "0.933", "best_ask": "0.973"}], "timestamp": "1769384434210", "event_type": "price_change"}}
{"_local_timestamp": "2026-01-25T23:40:34.281199+00:00", "data": {"market": "0x966c4246b6fd493d3c8d8a78cd01af7e9ab37bfcdcfc443e52fff05c849849d3", "price_changes": [{"asset_id": "30067386062907888066453898823774239601138550807546707350388500862876873138732", "price": "0.003", "size": "0", "side": "BUY", "hash": "aa863f04a271bb2ea64185d531c1439d89894c03", "best_bid": "0.027", "best_ask": "0.067"}, {"asset_id": "53912148792122350875306836591858850656555508262107599828438357128873832212220", "price": "0.997", "size": "0", "side": "SELL", "hash": "0d77ac207646f9ddb180e5cbd04e0b1e305c1668", "best_bid": "0.933", "best_ask": "0.973"}], "timestamp": "1769384434210", "event_type": "price_change"}}
{"_local_timestamp": "2026-01-25T23:40:34.281591+00:00", "data": {"market": "0x966c4246b6fd493d3c8d8a78cd01af7e9ab37bfcdcfc443e52fff05c849849d3", "price_changes": [{"asset_id": "30067386062907888066453898823774239601138550807546707350388500862876873138732", "price": "0.011", "size": "0", "side": "BUY", "hash": "aa863f04a271bb2ea64185d531c1439d89894c03", "best_bid": "0.027", "best_ask": "0.067"}, {"asset_id": "53912148792122350875306836591858850656555508262107599828438357128873832212220", "price": "0.989", "size": "0", "side": "SELL", "hash": "0d77ac207646f9ddb180e5cbd04e0b1e305c1668", "best_bid": "0.933", "best_ask": "0.973"}], "timestamp": "1769384434210", "event_type": "price_change"}}
{"_local_timestamp": "2026-01-25T23:40:34.304767+00:00", "data": {"market": "0x966c4246b6fd493d3c8d8a78cd01af7e9ab37bfcdcfc443e52fff05c849849d3", "price_changes": [{"asset_id": "30067386062907888066453898823774239601138550807546707350388500862876873138732", "price": "0.012", "size": "0", "side": "BUY", "hash": "b45e119df5c5dedb571d38cd098f4e9db885f7da", "best_bid": "0.027", "best_ask": "0.067"}, {"asset_id": "53912148792122350875306836591858850656555508262107599828438357128873832212220", "price": "0.988", "size": "0", "side": "SELL", "hash": "f961f3c612a71c089009eba584a4b2ef395624ff", "best_bid": "0.933", "best_ask": "0.973"}], "timestamp": "1769384434238", "event_type": "price_change"}}
{"_local_timestamp": "2026-01-25T23:40:34.336761+00:00", "data": {"market": "0x966c4246b6fd493d3c8d8a78cd01af7e9ab37bfcdcfc443e52fff05c849849d3", "price_changes": [{"asset_id": "30067386062907888066453898823774239601138550807546707350388500862876873138732", "price": "0.003", "size": "140", "side": "BUY", "hash": "7d84a4776821031c0cf7acea6c409a4330a26e4d", "best_bid": "0.027", "best_ask": "0.067"}, {"asset_id": "53912148792122350875306836591858850656555508262107599828438357128873832212220", "price": "0.997", "size": "140", "side": "SELL", "hash": "2c46b87c5eb941b2dc6d932a9bca37003baac7ec", "best_bid": "0.933", "best_ask": "0.973"}], "timestamp": "1769384434267", "event_type": "price_change"}}
{"_local_timestamp": "2026-01-25T23:40:34.693201+00:00", "data": {"market": "0x966c4246b6fd493d3c8d8a78cd01af7e9ab37bfcdcfc443e52fff05c849849d3", "price_changes": [{"asset_id": "30067386062907888066453898823774239601138550807546707350388500862876873138732", "price": "0.002", "size": "249.14", "side": "BUY", "hash": "7bccd996e5e12e1f4aa5a8f4320404f076aacf16", "best_bid": "0.027", "best_ask": "0.067"}, {"asset_id": "53912148792122350875306836591858850656555508262107599828438357128873832212220", "price": "0.998", "size": "249.14", "side": "SELL", "hash": "58cb54edafd9c92569aabfbac17ec449268b0942", "best_bid": "0.933", "best_ask": "0.973"}], "timestamp": "1769384434625", "event_type": "price_change"}}
{"_local_timestamp": "2026-01-25T23:40:34.693615+00:00", "data": {"market": "0x966c4246b6fd493d3c8d8a78cd01af7e9ab37bfcdcfc443e52fff05c849849d3", "price_changes": [{"asset_id": "30067386062907888066453898823774239601138550807546707350388500862876873138732", "price": "0.004", "size": "55.98", "side": "BUY", "hash": "bbda4df2453fd04d428b2abc0c8c0c8f3725325a", "best_bid": "0.027", "best_ask": "0.067"}, {"asset_id": "53912148792122350875306836591858850656555508262107599828438357128873832212220", "price": "0.996", "size": "55.98", "side": "SELL", "hash": "4e44eaa0178aff4515e9f6954eabac73aeac25df", "best_bid": "0.933", "best_ask": "0.973"}], "timestamp": "1769384434626", "event_type": "price_change"}}
{"_local_timestamp": "2026-01-25T23:40:34.693944+00:00", "data": {"market": "0x966c4246b6fd493d3c8d8a78cd01af7e9ab37bfcdcfc443e52fff05c849849d3", "price_changes": [{"asset_id": "30067386062907888066453898823774239601138550807546707350388500862876873138732", "price": "0.002", "size": "264.92", "side": "BUY", "hash": "bafc46884c8dba9df8a503253fb09c9c177a222b", "best_bid": "0.027", "best_ask": "0.067"}, {"asset_id": "53912148792122350875306836591858850656555508262107599828438357128873832212220", "price": "0.998", "size": "264.92", "side": "SELL", "hash": "c2d9d0584b659f3a935d4c99e46b1429341c2f10", "best_bid": "0.933", "best_ask": "0.973"}], "timestamp": "1769384434627", "event_type": "price_change"}}
{"_local_timestamp": "2026-01-25T23:40:34.694333+00:00", "data": {"market": "0x966c4246b6fd493d3c8d8a78cd01af7e9ab37bfcdcfc443e52fff05c849849d3", "price_changes": [{"asset_id": "30067386062907888066453898823774239601138550807546707350388500862876873138732", "price": "0.004", "size": "111.96", "side": "BUY", "hash": "594f0f527015a5644523c03371a5e68189c9d3e2", "best_bid": "0.027", "best_ask": "0.067"}, {"asset_id": "53912148792122350875306836591858850656555508262107599828438357128873832212220", "price": "0.996", "size": "111.96", "side": "SELL", "hash": "ea608bfae9049b5c371042caf227c38f7f512568", "best_bid": "0.933", "best_ask": "0.973"}], "timestamp": "1769384434628", "event_type": "price_change"}}
{"_local_timestamp": "2026-01-25T23:40:35.724621+00:00", "data": {"market": "0x966c4246b6fd493d3c8d8a78cd01af7e9ab37bfcdcfc443e52fff05c849849d3", "price_changes": [{"asset_id": "30067386062907888066453898823774239601138550807546707350388500862876873138732", "price": "0.003", "size": "0", "side": "BUY", "hash": "8af1a15d61b338149365839b952807b72f3e5229", "best_bid": "0.027", "best_ask": "0.067"}, {"asset_id": "53912148792122350875306836591858850656555508262107599828438357128873832212220", "price": "0.997", "size": "0", "side": "SELL", "hash": "d20f559472ecb333b6804e5a691f0d6278144279", "best_bid": "0.933", "best_ask": "0.973"}], "timestamp": "1769384435644", "event_type": "price_change"}}
{"_local_timestamp": "2026-01-25T23:40:35.737369+00:00", "data": {"market": "0x966c4246b6fd493d3c8d8a78cd01af7e9ab37bfcdcfc443e52fff05c849849d3", "price_changes": [{"asset_id": "30067386062907888066453898823774239601138550807546707350388500862876873138732", "price": "0.005", "size": "137", "side": "BUY", "hash": "d73e1f6879f9ae1ae26dc141aa3b44ed20c2084f", "best_bid": "0.027", "best_ask": "0.067"}, {"asset_id": "53912148792122350875306836591858850656555508262107599828438357128873832212220", "price": "0.995", "size": "137", "side": "SELL", "hash": "df4cbf7f29ea4fb706477619f4fbf10d66351160", "best_bid": "0.933", "best_ask": "0.973"}], "timestamp": "1769384435670", "event_type": "price_change"}}
{"_local_timestamp": "2026-01-25T23:40:36.515533+00:00", "data": {"market": "0x966c4246b6fd493d3c8d8a78cd01af7e9ab37bfcdcfc443e52fff05c849849d3", "price_changes": [{"asset_id": "30067386062907888066453898823774239601138550807546707350388500862876873138732", "price": "0.002", "size": "146.09", "side": "BUY", "hash": "365788433dbd089680d231024b7ae717c24c5f22", "best_bid": "0.027", "best_ask": "0.067"}, {"asset_id": "53912148792122350875306836591858850656555508262107599828438357128873832212220", "price": "0.998", "size": "146.09", "side": "SELL", "hash": "768a1c4b3df9dc467e63dafafabb9fda990431ca", "best_bid": "0.933", "best_ask": "0.973"}], "timestamp": "1769384436446", "event_type": "price_change"}}
{"_local_timestamp": "2026-01-25T23:40:36.516731+00:00", "data": {"market": "0x966c4246b6fd493d3c8d8a78cd01af7e9ab37bfcdcfc443e52fff05c849849d3", "price_changes": [{"asset_id": "30067386062907888066453898823774239601138550807546707350388500862876873138732", "price": "0.004", "size": "55.98", "side": "BUY", "hash": "365788433dbd089680d231024b7ae717c24c5f22", "best_bid": "0.027", "best_ask": "0.067"}, {"asset_id": "53912148792122350875306836591858850656555508262107599828438357128873832212220", "price": "0.996", "size": "55.98", "side": "SELL", "hash": "768a1c4b3df9dc467e63dafafabb9fda990431ca", "best_bid": "0.933", "best_ask": "0.973"}], "timestamp": "1769384436446", "event_type": "price_change"}}
{"_local_timestamp": "2026-01-25T23:40:36.912599+00:00", "data": {"market": "0x966c4246b6fd493d3c8d8a78cd01af7e9ab37bfcdcfc443e52fff05c849849d3", "price_changes": [{"asset_id": "30067386062907888066453898823774239601138550807546707350388500862876873138732", "price": "0.006", "size": "38.47", "side": "BUY", "hash": "7e87668920c82a4ee4f31d0541f6e4d236520b3d", "best_bid": "0.027", "best_ask": "0.067"}, {"asset_id": "53912148792122350875306836591858850656555508262107599828438357128873832212220", "price": "0.994", "size": "38.47", "side": "SELL", "hash": "e29dc997942d2f8d63bc7d12d40c4f38acd6fedf", "best_bid": "0.933", "best_ask": "0.973"}], "timestamp": "1769384436844", "event_type": "price_change"}}
{"_local_timestamp": "2026-01-25T23:40:36.918091+00:00", "data": {"market": "0x966c4246b6fd493d3c8d8a78cd01af7e9ab37bfcdcfc443e52fff05c849849d3", "price_changes": [{"asset_id": "30067386062907888066453898823774239601138550807546707350388500862876873138732", "price": "0.006", "size": "76.94", "side": "BUY", "hash": "b887d84a708408dc52976b056abd352bf16d5ebc", "best_bid": "0.027", "best_ask": "0.067"}, {"asset_id": "53912148792122350875306836591858850656555508262107599828438357128873832212220", "price": "0.994", "size": "76.94", "side": "SELL", "hash": "503d2f1f1eddbc70e0c5f7a4d08d84796a2af94d", "best_bid": "0.933", "best_ask": "0.973"}], "timestamp": "1769384436845", "event_type": "price_change"}}
{"_local_timestamp": "2026-01-25T23:40:36.939743+00:00", "data": {"market": "0x966c4246b6fd493d3c8d8a78cd01af7e9ab37bfcdcfc443e52fff05c849849d3", "price_changes": [{"asset_id": "30067386062907888066453898823774239601138550807546707350388500862876873138732", "price": "0.005", "size": "0", "side": "BUY", "hash": "a4089d3c230213718bd4d9fbdade7db480479c86", "best_bid": "0.027", "best_ask": "0.067"}, {"asset_id": "53912148792122350875306836591858850656555508262107599828438357128873832212220", "price": "0.995", "size": "0", "side": "SELL", "hash": "77b1db81d446bc3a42399123ba2fe0cc4d78a90d", "best_bid": "0.933", "best_ask": "0.973"}], "timestamp": "1769384436868", "event_type": "price_change"}}
{"_local_timestamp": "2026-01-25T23:40:36.967113+00:00", "data": {"market": "0x966c4246b6fd493d3c8d8a78cd01af7e9ab37bfcdcfc443e52fff05c849849d3", "price_changes": [{"asset_id": "30067386062907888066453898823774239601138550807546707350388500862876873138732", "price": "0.007", "size": "128", "side": "BUY", "hash": "76bb7873adb0a210036618cde69b5ad6a453c7e1", "best_bid": "0.027", "best_ask": "0.067"}, {"asset_id": "53912148792122350875306836591858850656555508262107599828438357128873832212220", "price": "0.993", "size": "128", "side": "SELL", "hash": "b50c4db9072f30cac7915f552c0d8983bb8514df", "best_bid": "0.933", "best_ask": "0.973"}], "timestamp": "1769384436901", "event_type": "price_change"}}
{"_local_timestamp": "2026-01-25T23:40:38.115900+00:00", "data": {"market": "0x966c4246b6fd493d3c8d8a78cd01af7e9ab37bfcdcfc443e52fff05c849849d3", "price_changes": [{"asset_id": "53912148792122350875306836591858850656555508262107599828438357128873832212220", "price": "0.267", "size": "0", "side": "BUY", "hash": "5d8b64f58bd0baa2f5c3dff8ca9ea4b31d08ba38", "best_bid": "0.933", "best_ask": "0.973"}, {"asset_id": "30067386062907888066453898823774239601138550807546707350388500862876873138732", "price": "0.733", "size": "0", "side": "SELL", "hash": "c926284f6edd73600d31f67a4115c9e4198521d5", "best_bid": "0.027", "best_ask": "0.067"}], "timestamp": "1769384438037", "event_type": "price_change"}}
{"_local_timestamp": "2026-01-25T23:40:38.500126+00:00", "data": {"market": "0x966c4246b6fd493d3c8d8a78cd01af7e9ab37bfcdcfc443e52fff05c849849d3", "price_changes": [{"asset_id": "53912148792122350875306836591858850656555508262107599828438357128873832212220", "price": "0.267", "size": "5", "side": "BUY", "hash": "b2d5e9a8e420f6ad5e3bab896122cd56fcccfba0", "best_bid": "0.933", "best_ask": "0.973"}, {"asset_id": "30067386062907888066453898823774239601138550807546707350388500862876873138732", "price": "0.733", "size": "5", "side": "SELL", "hash": "3b7e2e9ceac89f8fb831799ef416db830d2b8abc", "best_bid": "0.027", "best_ask": "0.067"}], "timestamp": "1769384438436", "event_type": "price_change"}}
{"_local_timestamp": "2026-01-25T23:40:38.971222+00:00", "data": {"market": "0x966c4246b6fd493d3c8d8a78cd01af7e9ab37bfcdcfc443e52fff05c849849d3", "price_changes": [{"asset_id": "30067386062907888066453898823774239601138550807546707350388500862876873138732", "price": "0.002", "size": "114.53", "side": "BUY", "hash": "e06f8da37475ea829b6ff2598109e58c12f30f41", "best_bid": "0.027", "best_ask": "0.067"}, {"asset_id": "53912148792122350875306836591858850656555508262107599828438357128873832212220", "price": "0.998", "size": "114.53", "side": "SELL", "hash": "273ae431578983f24c94a893096429699fd49ad8", "best_bid": "0.933", "best_ask": "0.973"}], "timestamp": "1769384438894", "event_type": "price_change"}}
{"_local_timestamp": "2026-01-25T23:40:38.971789+00:00", "data": {"market": "0x966c4246b6fd493d3c8d8a78cd01af7e9ab37bfcdcfc443e52fff05c849849d3", "price_changes": [{"asset_id": "30067386062907888066453898823774239601138550807546707350388500862876873138732", "price": "0.004", "size": "0", "side": "BUY", "hash": "e06f8da37475ea829b6ff2598109e58c12f30f41", "best_bid": "0.027", "best_ask": "0.067"}, {"asset_id": "53912148792122350875306836591858850656555508262107599828438357128873832212220", "price": "0.996", "size": "0", "side": "SELL", "hash": "273ae431578983f24c94a893096429699fd49ad8", "best_bid": "0.933", "best_ask": "0.973"}], "timestamp": "1769384438894", "event_type": "price_change"}}
{"_local_timestamp": "2026-01-25T23:40:38.972157+00:00", "data": {"market": "0x966c4246b6fd493d3c8d8a78cd01af7e9ab37bfcdcfc443e52fff05c849849d3", "price_changes": [{"asset_id": "30067386062907888066453898823774239601138550807546707350388500862876873138732", "price": "0.006", "size": "38.47", "side": "BUY", "hash": "e06f8da37475ea829b6ff2598109e58c12f30f41", "best_bid": "0.027", "best_ask": "0.067"}, {"asset_id": "53912148792122350875306836591858850656555508262107599828438357128873832212220", "price": "0.994", "size": "38.47", "side": "SELL", "hash": "273ae431578983f24c94a893096429699fd49ad8", "best_bid": "0.933", "best_ask": "0.973"}], "timestamp": "1769384438894", "event_type": "price_change"}}
{"_local_timestamp": "2026-01-25T23:40:39.385394+00:00", "data": {"market": "0x966c4246b6fd493d3c8d8a78cd01af7e9ab37bfcdcfc443e52fff05c849849d3", "price_changes": [{"asset_id": "30067386062907888066453898823774239601138550807546707350388500862876873138732", "price": "0.008", "size": "32.36", "side": "BUY", "hash": "a0d92dedf12e33bcf28d5d73550d6e90f72f272b", "best_bid": "0.027", "best_ask": "0.067"}, {"asset_id": "53912148792122350875306836591858850656555508262107599828438357128873832212220", "price": "0.992", "size": "32.36", "side": "SELL", "hash": "bc8593bdfa85e4ff457402ec727dafbf01a3c432", "best_bid": "0.933", "best_ask": "0.973"}], "timestamp": "1769384439315", "event_type": "price_change"}}
{"_local_timestamp": "2026-01-25T23:40:39.385929+00:00", "data": {"market": "0x966c4246b6fd493d3c8d8a78cd01af7e9ab37bfcdcfc443e52fff05c849849d3", "price_changes": [{"asset_id": "30067386062907888066453898823774239601138550807546707350388500862876873138732", "price": "0.008", "size": "64.72", "side": "BUY", "hash": "296cbf495be64db3a4f95a5442a33b277724c8fa", "best_bid": "0.027", "best_ask": "0.067"}, {"asset_id": "53912148792122350875306836591858850656555508262107599828438357128873832212220", "price": "0.992", "size": "64.72", "side": "SELL", "hash": "f4fa986612d020f5fdfbc082cbeac681b77fdb7c", "best_bid": "0.933", "best_ask": "0.973"}], "timestamp": "1769384439320", "event_type": "price_change"}}
{"_local_timestamp": "2026-01-25T23:40:39.407020+00:00", "data": {"market": "0x966c4246b6fd493d3c8d8a78cd01af7e9ab37bfcdcfc443e52fff05c849849d3", "price_changes": [{"asset_id": "30067386062907888066453898823774239601138550807546707350388500862876873138732", "price": "0.007", "size": "0", "side": "BUY", "hash": "74f9e089d767815a03dc4b533dab994c1337a34b", "best_bid": "0.027", "best_ask": "0.067"}, {"asset_id": "53912148792122350875306836591858850656555508262107599828438357128873832212220", "price": "0.993", "size": "0", "side": "SELL", "hash": "f25f16964466c141e23515a73779618efc89fb77", "best_bid": "0.933", "best_ask": "0.973"}], "timestamp": "1769384439338", "event_type": "price_change"}}
{"_local_timestamp": "2026-01-25T23:40:39.430901+00:00", "data": {"market": "0x966c4246b6fd493d3c8d8a78cd01af7e9ab37bfcdcfc443e52fff05c849849d3", "price_changes": [{"asset_id": "30067386062907888066453898823774239601138550807546707350388500862876873138732", "price": "0.009", "size": "127", "side": "BUY", "hash": "03f454be4dcc9c9b509c94b32c2d374f651a2565", "best_bid": "0.027", "best_ask": "0.067"}, {"asset_id": "53912148792122350875306836591858850656555508262107599828438357128873832212220", "price": "0.991", "size": "127", "side": "SELL", "hash": "f7e3e9f8a10f01563a452c866e6651e6143c3300", "best_bid": "0.933", "best_ask": "0.973"}], "timestamp": "1769384439368", "event_type": "price_change"}}
{"_local_timestamp": "2026-01-25T23:40:40.851437+00:00", "data": {"market": "0x966c4246b6fd493d3c8d8a78cd01af7e9ab37bfcdcfc443e52fff05c849849d3", "price_changes": [{"asset_id": "30067386062907888066453898823774239601138550807546707350388500862876873138732", "price": "0.006", "size": "0", "side": "BUY", "hash": "2cf65e9c63d3557df81e354a88661cc349a93c51", "best_bid": "0.027", "best_ask": "0.067"}, {"asset_id": "53912148792122350875306836591858850656555508262107599828438357128873832212220", "price": "0.994", "size": "0", "side": "SELL", "hash": "b71ddf987e44ea7e3d6aafe882f00f000bea108c", "best_bid": "0.933", "best_ask": "0.973"}], "timestamp": "1769384440670", "event_type": "price_change"}}
{"_local_timestamp": "2026-01-25T23:40:40.852217+00:00", "data": {"market": "0x966c4246b6fd493d3c8d8a78cd01af7e9ab37bfcdcfc443e52fff05c849849d3", "price_changes": [{"asset_id": "30067386062907888066453898823774239601138550807546707350388500862876873138732", "price": "0.008", "size": "32.36", "side": "BUY", "hash": "2cf65e9c63d3557df81e354a88661cc349a93c51", "best_bid": "0.027", "best_ask": "0.067"}, {"asset_id": "53912148792122350875306836591858850656555508262107599828438357128873832212220", "price": "0.992", "size": "32.36", "side": "SELL", "hash": "b71ddf987e44ea7e3d6aafe882f00f000bea108c", "best_bid": "0.933", "best_ask": "0.973"}], "timestamp": "1769384440670", "event_type": "price_change"}}
{"_local_timestamp": "2026-01-25T23:40:41.211278+00:00", "data": {"market": "0x966c4246b6fd493d3c8d8a78cd01af7e9ab37bfcdcfc443e52fff05c849849d3", "price_changes": [{"asset_id": "30067386062907888066453898823774239601138550807546707350388500862876873138732", "price": "0.007", "size": "5", "side": "BUY", "hash": "0d011ee639496a1f7c0024491ac0d1fa0d3ae02c", "best_bid": "0.027", "best_ask": "0.067"}, {"asset_id": "53912148792122350875306836591858850656555508262107599828438357128873832212220", "price": "0.993", "size": "5", "side": "SELL", "hash": "c2688f8398d885c7de47af0acce904ac9eba8d40", "best_bid": "0.933", "best_ask": "0.973"}], "timestamp": "1769384441121", "event_type": "price_change"}}
{"_local_timestamp": "2026-01-25T23:40:41.213047+00:00", "data": {"market": "0x966c4246b6fd493d3c8d8a78cd01af7e9ab37bfcdcfc443e52fff05c849849d3", "price_changes": [{"asset_id": "30067386062907888066453898823774239601138550807546707350388500862876873138732", "price": "0.01", "size": "20.98", "side": "BUY", "hash": "70aef1da2894175f3f6cdc3a922d8985c6c028a3", "best_bid": "0.027", "best_ask": "0.067"}, {"asset_id": "53912148792122350875306836591858850656555508262107599828438357128873832212220", "price": "0.99", "size": "20.98", "side": "SELL", "hash": "0919db5b3fd0e0479a693a442257b0903eb65b20", "best_bid": "0.933", "best_ask": "0.973"}], "timestamp": "1769384441122", "event_type": "price_change"}}
{"_local_timestamp": "2026-01-25T23:40:41.213517+00:00", "data": {"market": "0x966c4246b6fd493d3c8d8a78cd01af7e9ab37bfcdcfc443e52fff05c849849d3", "price_changes": [{"asset_id": "30067386062907888066453898823774239601138550807546707350388500862876873138732", "price": "0.01", "size": "41.96", "side": "BUY", "hash": "e46de430f564581451c5fe337ec35b5c9700df3f", "best_bid": "0.027", "best_ask": "0.067"}, {"asset_id": "53912148792122350875306836591858850656555508262107599828438357128873832212220", "price": "0.99", "size": "41.96", "side": "SELL", "hash": "70dacac267fed07ecc519336c77a0cd7f96c2187", "best_bid": "0.933", "best_ask": "0.973"}], "timestamp": "1769384441123", "event_type": "price_change"}}
{"_local_timestamp": "2026-01-25T23:40:41.215251+00:00", "data": {"market": "0x966c4246b6fd493d3c8d8a78cd01af7e9ab37bfcdcfc443e52fff05c849849d3", "price_changes": [{"asset_id": "30067386062907888066453898823774239601138550807546707350388500862876873138732", "price": "0.007", "size": "10", "side": "BUY", "hash": "7e3019fb8fc6c2da5af14e9527e8528e57d1a3d6", "best_bid": "0.027", "best_ask": "0.067"}, {"asset_id": "53912148792122350875306836591858850656555508262107599828438357128873832212220", "price": "0.993", "size": "10", "side": "SELL", "hash": "488f4eb7fbf21537d00e5c7184bfcbab39423da2", "best_bid": "0.933", "best_ask": "0.973"}], "timestamp": "1769384441124", "event_type": "price_change"}}
{"_local_timestamp": "2026-01-25T23:40:41.228486+00:00", "data": {"market": "0x966c4246b6fd493d3c8d8a78cd01af7e9ab37bfcdcfc443e52fff05c849849d3", "price_changes": [{"asset_id": "30067386062907888066453898823774239601138550807546707350388500862876873138732", "price": "0.009", "size": "0", "side": "BUY", "hash": "95f57d6f4ce2bb39c9fead196e0d50bfde801cb8", "best_bid": "0.027", "best_ask": "0.067"}, {"asset_id": "53912148792122350875306836591858850656555508262107599828438357128873832212220", "price": "0.991", "size": "0", "side": "SELL", "hash": "a1a82370a470eae7e5df1e2519318b9e1a26bae0", "best_bid": "0.933", "best_ask": "0.973"}], "timestamp": "1769384441161", "event_type": "price_change"}}
{"_local_timestamp": "2026-01-25T23:40:41.260819+00:00", "data": {"market": "0x966c4246b6fd493d3c8d8a78cd01af7e9ab37bfcdcfc443e52fff05c849849d3", "price_changes": [{"asset_id": "30067386062907888066453898823774239601138550807546707350388500862876873138732", "price": "0.011", "size": "49", "side": "BUY", "hash": "7f4b362a16a0177e43a844d23cdf0093a8b80e2e", "best_bid": "0.027", "best_ask": "0.067"}, {"asset_id": "53912148792122350875306836591858850656555508262107599828438357128873832212220", "price": "0.989", "size": "49", "side": "SELL", "hash": "58fe1f174eb1fe3e9c90dae2ecc5e94228e8911b", "best_bid": "0.933", "best_ask": "0.973"}], "timestamp": "1769384441196", "event_type": "price_change"}}
