{"_local_timestamp": "2026-01-25T23:40:29.588136+00:00", "data": [{"market": "0xae5584fbb57f23c1c608d544b656f23d8bf12340cef70811cf31bb0cb4fc2115", "asset_id": "28946595841244317705636126646676849578876740730186646421280828201004700559420", "timestamp": "1769384410729", "hash": "f73277584001b763a11e641858a7bd98fc0554a0", "bids": [{"price": "0.001", "size": "21875.87"}, {"price": "0.002", "size": "23554"}, {"price": "0.003", "size": "6250"}, {"price": "0.004", "size": "18000"}, {"price": "0.005", "size": "4400"}, {"price": "0.006", "size": "505.23"}, {"price": "0.007", "size": "3210.45"}, {"price": "0.008", "size": "8982.87"}, {"price": "0.009", "size": "8259.36"}, {"price": "0.01", "size": "1933.63"}, {"price": "0.011", "size": "2676.1"}, {"price": "0.012", "size": "1240.4"}, {"price": "0.013", "size": "165.82"}, {"price": "0.014", "size": "64.87"}], "asks": [{"price": "0.999", "size": "1109160.75"}, {"price": "0.998", "size": "1250"}, {"price": "0.997", "size": "62400"}, {"price": "0.994", "size": "200"}, {"price": "0.99", "size": "1000"}, {"price": "0.98", "size": "2000"}, {"price": "0.978", "size": "262.83"}, {"price": "0.972", "size": "131.86"}, {"price": "0.971", "size": "127.32"}, {"price": "0.95", "size": "330"}, {"price": "0.949", "size": "39"}, {"price": "0.948", "size": "71"}, {"price": "0.928", "size": "202.56"}, {"price": "0.9", "size": "560"}, {"price": "0.899", "size": "73.1"}, {"price": "0.887", "size": "32.67"}, {"price": "0.886", "size": "32.38"}, {"price": "0.85", "size": "551.66"}, {"price": "0.849", "size": "24.45"}, {"price": "0.839", "size": "22.93"}, {"price": "0.838", "size": "22.79"}, {"price": "0.8", "size": "460"}, {"price": "0.799", "size": "36.72"}, {"price": "0.75", "size": "112"}, {"price": "0.749", "size": "14.71"}, {"price": "0.748", "size": "14.65"}, {"price": "0.747", "size": "14.59"}, {"price": "0.7", "size": "248.96"}, {"price": "0.699", "size": "12.26"}, {"price": "0.658", "size": "3100"}, {"price": "0.65", "size": "68.57"}, {"price": "0.649", "size": "10.51"}, {"price": "0.6", "size": "134.23"}, {"price": "0.598", "size": "9.18"}, {"price": "0.597", "size": "9.16"}, {"price": "0.5", "size": "5"}, {"price": "0.486", "size": "11111"}, {"price": "0.479", "size": "6000"}, {"price": "0.478", "size": "5"}, {"price": "0.403", "size": "76.92"}, {"price": "0.402", "size": "6.17"}, {"price": "0.35", "size": "108.52"}, {"price": "0.349", "size": "5.67"}, {"price": "0.249", "size": "83.33"}, {"price": "0.2", "size": "32.25"}, {"price": "0.108", "size": "75"}, {"price": "0.1", "size": "55.55"}, {"price": "0.06", "size": "3333"}, {"price": "0.049", "size": "599.99"}, {"price": "0.039", "size": "30"}, {"price": "0.035", "size": "3333"}, {"price": "0.03", "size": "3500"}, {"price": "0.028", "size": "50"}, {"price": "0.027", "size": "1102"}, {"price": "0.025", "size": "3000"}, {"price": "0.024", "size": "1602"}, {"price": "0.023", "size": "3833"}, {"price": "0.022", "size": "480.25"}, {"price": "0.021", "size": "602"}, {"price": "0.02", "size": "8199.88"}, {"price": "0.019", "size": "9514"}, {"price": "0.018", "size": "1032.86"}, {"price": "0.017", "size": "2855.21"}, {"price": "0.016", "size": "167.85"}, {"price": "0.015", "size": "755.84"}], "event_type": "book", "last_trade_price": "0.014"}, {"market": "0xae5584fbb57f23c1c608d544b656f23d8bf12340cef70811cf31bb0cb4fc2115", "asset_id": "42278252558046940014991595990628759801692726198478046188873057685686228021663", "timestamp": "1769384410729", "hash": "b216e3da3b7a45a895b96e688b0bf8b019675d67", "bids": [{"price": "0.001", "size": "1109160.75"}, {"price": "0.002", "size": "1250"}, {"price": "0.003", "size": "62400"}, {"price": "0.006", "size": "200"}, {"price": "0.01", "size": "1000"}, {"price": "0.02", "size": "2000"}, {"price": "0.022", "size": "262.83"}, {"price": "0.028", "size": "131.86"}, {"price": "0.029", "size": "127.32"}, {"price": "0.05", "size": "330"}, {"price": "0.051", "size": "39"}, {"price": "0.052", "size": "71"}, {"price": "0.072", "size": "202.56"}, {"price": "0.1", "size": "560"}, {"price": "0.101", "size": "73.1"}, {"price": "0.113", "size": "32.67"}, {"price": "0.114", "size": "32.38"}, {"price": "0.15", "size": "551.66"}, {"price": "0.151", "size": "24.45"}, {"price": "0.161", "size": "22.93"}, {"price": "0.162", "size": "22.79"}, {"price": "0.2", "size": "460"}, {"price": "0.201", "size": "36.72"}, {"price": "0.25", "size": "112"}, {"price": "0.251", "size": "14.71"}, {"price": "0.252", "size": "14.65"}, {"price": "0.253", "size": "14.59"}, {"price": "0.3", "size": "248.96"}, {"price": "0.301", "size": "12.26"}, {"price": "0.342", "size": "3100"}, {"price": "0.35", "size": "68.57"}, {"price": "0.351", "size": "10.51"}, {"price": "0.4", "size": "134.23"}, {"price": "0.402", "size": "9.18"}, {"price": "0.403", "size": "9.16"}, {"price": "0.5", "size": "5"}, {"price": "0.514", "size": "11111"}, {"price": "0.521", "size": "6000"}, {"price": "0.522", "size": "5"}, {"price": "0.597", "size": "76.92"}, {"price": "0.598", "size": "6.17"}, {"price": "0.65", "size": "108.52"}, {"price": "0.651", "size": "5.67"}, {"price": "0.751", "size": "83.33"}, {"price": "0.8", "size": "32.25"}, {"price": "0.892", "size": "75"}, {"price": "0.9", "size": "55.55"}, {"price": "0.94", "size": "3333"}, {"price": "0.951", "size": "599.99"}, {"price": "0.961", "size": "30"}, {"price": "0.965", "size": "3333"}, {"price": "0.97", "size": "3500"}, {"price": "0.972", "size": "50"}, {"price": "0.973", "size": "1102"}, {"price": "0.975", "size": "3000"}, {"price": "0.976", "size": "1602"}, {"price": "0.977", "size": "3833"}, {"price": "0.978", "size": "480.25"}, {"price": "0.979", "size": "602"}, {"price": "0.98", "size": "8199.88"}, {"price": "0.981", "size": "9514"}, {"price": "0.982", "size": "1032.86"}, {"price": "0.983", "size": "2855.21"}, {"price": "0.984", "size": "167.85"}, {"price": "0.985", "size": "755.84"}], "asks": [{"price": "0.999", "size": "21875.87"}, {"price": "0.998", "size": "23554"}, {"price": "0.997", "size": "6250"}, {"price": "0.996", "size": "18000"}, {"price": "0.995", "size": "4400"}, {"price": "0.994", "size": "505.23"}, {"price": "0.993", "size": "3210.45"}, {"price": "0.992", "size": "8982.87"}, {"price": "0.991", "size": "8259.36"}, {"price": "0.99", "size": "1933.63"}, {"price": "0.989", "size": "2676.1"}, {"price": "0.988", "size": "1240.4"}, {"price": "0.987", "size": "165.82"}, {"price": "0.986", "size": "64.87"}], "event_type": "book", "last_trade_price": "0.014"}]}
{"_local_timestamp": "2026-01-25T23:41:04.583508+00:00", "data": {"market": "0xae5584fbb57f23c1c608d544b656f23d8bf12340cef70811cf31bb0cb4fc2115", "price_changes": [{"asset_id": "28946595841244317705636126646676849578876740730186646421280828201004700559420", "price": "0.008", "size": "14857.87", "side": "BUY", "hash": "f0b2b9a5f55b53ad5a733895e8e2f286e9b51343", "best_bid": "0.014", "best_ask": "0.015"}, {"asset_id": "42278252558046940014991595990628759801692726198478046188873057685686228021663", "price": "0.992", "size": "14857.87", "side": "SELL", "hash": "220bcaf83a130cf142a19db188ab5a0c81c5786c", "best_bid": "0.985", "best_ask": "0.986"}], "timestamp": "1769384464513", "event_type": "price_change"}}
{"_local_timestamp": "2026-01-25T23:41:04.587187+00:00", "data": {"market": "0xae5584fbb57f23c1c608d544b656f23d8bf12340cef70811cf31bb0cb4fc2115", "price_changes": [{"asset_id": "28946595841244317705636126646676849578876740730186646421280828201004700559420", "price": "0.004", "size": "29750", "side": "BUY", "hash": "ed2129c8783e6e895398f7beb6c01ba61ad900ae", "best_bid": "0.014", "best_ask": "0.015"}, {"asset_id": "42278252558046940014991595990628759801692726198478046188873057685686228021663", "price": "0.996", "size": "29750", "side": "SELL", "hash": "3fb537d1449e97ca2b811d62af5b8e935295e475", "best_bid": "0.985", "best_ask": "0.986"}], "timestamp": "1769384464514", "event_type": "price_change"}}
{"_local_timestamp": "2026-01-25T23:41:06.833479+00:00", "data": {"market": "0xae5584fbb57f23c1c608d544b656f23d8bf12340cef70811cf31bb0cb4fc2115", "price_changes": [{"asset_id": "28946595841244317705636126646676849578876740730186646421280828201004700559420", "price": "0.011", "size": "2576.1", "side": "BUY", "hash": "e5beb409ee9b41f86991095d7b9945980444fad4", "best_bid": "0.014", "best_ask": "0.015"}, {"asset_id": "42278252558046940014991595990628759801692726198478046188873057685686228021663", "price": "0.989", "size": "2576.1", "side": "SELL", "hash": "0bdb0f38467f23025f8c69ed436350c5f2b59122", "best_bid": "0.985", "best_ask": "0.986"}], "timestamp": "1769384466648", "event_type": "price_change"}}
{"_local_timestamp": "2026-01-25T23:41:33.445972+00:00", "data": {"market": "0xae5584fbb57f23c1c608d544b656f23d8bf12340cef70811cf31bb0cb4fc2115", "price_changes": [{"asset_id": "28946595841244317705636126646676849578876740730186646421280828201004700559420", "price": "0.02", "size": "8144.88", "side": "SELL", "hash": "f74f4a3cb1c083975d0694e296a31af46123182a", "best_bid": "0.014", "best_ask": "0.015"}, {"asset_id": "42278252558046940014991595990628759801692726198478046188873057685686228021663", "price": "0.98", "size": "8144.88", "side": "BUY", "hash": "30b0a0d7a5517bc5f5d45dee4c3e37bf1f39a476", "best_bid": "0.985", "best_ask": "0.986"}], "timestamp": "1769384493366", "event_type": "price_change"}}
{"_local_timestamp": "2026-01-25T23:41:33.659098+00:00", "data": {"market": "0xae5584fbb57f23c1c608d544b656f23d8bf12340cef70811cf31bb0cb4fc2115", "price_changes": [{"asset_id": "28946595841244317705636126646676849578876740730186646421280828201004700559420", "price": "0.02", "size": "8199.88", "side": "SELL", "hash": "5b4d999b027f0be2d5e009fd936b5cd99f4d6983", "best_bid": "0.014", "best_ask": "0.015"}, {"asset_id": "42278252558046940014991595990628759801692726198478046188873057685686228021663", "price": "0.98", "size": "8199.88", "side": "BUY", "hash": "3fa5ac30907d29e16e6ea164bc0c14ecc3229281", "best_bid": "0.985", "best_ask": "0.986"}], "timestamp": "1769384493585", "event_type": "price_change"}}
{"_local_timestamp": "2026-01-25T23:42:38.225237+00:00", "data": {"market": "0xae5584fbb57f23c1c608d544b656f23d8bf12340cef70811cf31bb0cb4fc2115", "price_changes": [{"asset_id": "42278252558046940014991595990628759801692726198478046188873057685686228021663", "price": "0.402", "size": "0", "side": "BUY", "hash": "4c7f441921fca28a2a9b1f754112a78cadef743d", "best_bid": "0.985", "best_ask": "0.986"}, {"asset_id": "28946595841244317705636126646676849578876740730186646421280828201004700559420", "price": "0.598", "size": "0", "side": "SELL", "hash": "ab83a8587a35d65ba5345e24516452866579f579", "best_bid": "0.014", "best_ask": "0.015"}], "timestamp": "1769384558018", "event_type": "price_change"}}
{"_local_timestamp": "2026-01-25T23:42:38.407358+00:00", "data": {"market": "0xae5584fbb57f23c1c608d544b656f23d8bf12340cef70811cf31bb0cb4fc2115", "price_changes": [{"asset_id": "42278252558046940014991595990628759801692726198478046188873057685686228021663", "price": "0.4", "size": "125", "side": "BUY", "hash": "7aeaf4ec2412eaf8edcbe92dcfa2c23c5252642b", "best_bid": "0.985", "best_ask": "0.986"}, {"asset_id": "28946595841244317705636126646676849578876740730186646421280828201004700559420", "price": "0.6", "size": "125", "side": "SELL", "hash": "2a23941d41df1f851a345baa38d794c6308e4c1b", "best_bid": "0.014", "best_ask": "0.015"}], "timestamp": "1769384558229", "event_type": "price_change"}}
{"_local_timestamp": "2026-01-25T23:42:38.612590+00:00", "data": {"market": "0xae5584fbb57f23c1c608d544b656f23d8bf12340cef70811cf31bb0cb4fc2115", "price_changes": [{"asset_id": "42278252558046940014991595990628759801692726198478046188873057685686228021663", "price": "0.3", "size": "236.66", "side": "BUY", "hash": "81ccac86a8e8f4f2d239085fc790aec045548305", "best_bid": "0.985", "best_ask": "0.986"}, {"asset_id": "28946595841244317705636126646676849578876740730186646421280828201004700559420", "price": "0.7", "size": "236.66", "side": "SELL", "hash": "26305957ef3f1b0b6b0383a578b3d6c5c2008445", "best_bid": "0.014", "best_ask": "0.015"}], "timestamp": "1769384558428", "event_type": "price_change"}}
{"_local_timestamp": "2026-01-25T23:42:38.617809+00:00", "data": {"market": "0xae5584fbb57f23c1c608d544b656f23d8bf12340cef70811cf31bb0cb4fc2115", "price_changes": [{"asset_id": "28946595841244317705636126646676849578876740730186646421280828201004700559420", "price": "0.011", "size": "2062.47", "side": "BUY", "hash": "87a763abefdba9834fb1495d87fab0314ee62801", "best_bid": "0.014", "best_ask": "0.015"}, {"asset_id": "42278252558046940014991595990628759801692726198478046188873057685686228021663", "price": "0.989", "size": "2062.47", "side": "SELL", "hash": "e9362d6c4c1a6752760adf78d38f98a006c6a935", "best_bid": "0.985", "best_ask": "0.986"}], "timestamp": "1769384558436", "event_type": "price_change"}}
{"_local_timestamp": "2026-01-25T23:42:38.618821+00:00", "data": {"market": "0xae5584fbb57f23c1c608d544b656f23d8bf12340cef70811cf31bb0cb4fc2115", "price_changes": [{"asset_id": "42278252558046940014991595990628759801692726198478046188873057685686228021663", "price": "0.982", "size": "1027.28", "side": "BUY", "hash": "3f7584e3af8586fc7409bc47de821df57a60230b", "best_bid": "0.985", "best_ask": "0.986"}, {"asset_id": "28946595841244317705636126646676849578876740730186646421280828201004700559420", "price": "0.018", "size": "1027.28", "side": "SELL", "hash": "c070d46334039b2f81e713bcd7b6ced02f3de5f2", "best_bid": "0.014", "best_ask": "0.015"}], "timestamp": "1769384558436", "event_type": "price_change"}}
{"_local_timestamp": "2026-01-25T23:42:38.766686+00:00", "data": {"market": "0xae5584fbb57f23c1c608d544b656f23d8bf12340cef70811cf31bb0cb4fc2115", "price_changes": [{"asset_id": "28946595841244317705636126646676849578876740730186646421280828201004700559420", "price": "0.011", "size": "2524.81", "side": "BUY", "hash": "8bc19ac4254c3068d0b1f66552f05c44c5ca7270", "best_bid": "0.014", "best_ask": "0.015"}, {"asset_id": "42278252558046940014991595990628759801692726198478046188873057685686228021663", "price": "0.989", "size": "2524.81", "side": "SELL", "hash": "aea5da76e1da2264bad9055b498d125f63d3594a", "best_bid": "0.985", "best_ask": "0.986"}], "timestamp": "1769384558584", "event_type": "price_change"}}
{"_local_timestamp": "2026-01-25T23:42:38.767621+00:00", "data": {"market": "0xae5584fbb57f23c1c608d544b656f23d8bf12340cef70811cf31bb0cb4fc2115", "price_changes": [{"asset_id": "42278252558046940014991595990628759801692726198478046188873057685686228021663", "price": "0.982", "size": "1032.45", "side": "BUY", "hash": "931b5b6004d6a12e2edf2f28d40f7a3b27d8df3f", "best_bid": "0.985", "best_ask": "0.986"}, {"asset_id": "28946595841244317705636126646676849578876740730186646421280828201004700559420", "price": "0.018", "size": "1032.45", "side": "SELL", "hash": "1276ae549225e0c43ceba4bc3889dd0cdfbb3438", "best_bid": "0.014", "best_ask": "0.015"}], "timestamp": "1769384558584", "event_type": "price_change"}}
{"_local_timestamp": "2026-01-25T23:42:38.802350+00:00", "data": {"market": "0xae5584fbb57f23c1c608d544b656f23d8bf12340cef70811cf31bb0cb4fc2115", "price_changes": [{"asset_id": "42278252558046940014991595990628759801692726198478046188873057685686228021663", "price": "0.252", "size": "0", "side": "BUY", "hash": "f4983422fc7481a6169fdd0392a928360f458984", "best_bid": "0.985", "best_ask": "0.986"}, {"asset_id": "28946595841244317705636126646676849578876740730186646421280828201004700559420", "price": "0.748", "size": "0", "side": "SELL", "hash": "d13c975fcff63b02f852915a71984cff5a53de00", "best_bid": "0.014", "best_ask": "0.015"}], "timestamp": "1769384558625", "event_type": "price_change"}}
{"_local_timestamp": "2026-01-25T23:42:38.998526+00:00", "data": {"market": "0xae5584fbb57f23c1c608d544b656f23d8bf12340cef70811cf31bb0cb4fc2115", "price_changes": [{"asset_id": "42278252558046940014991595990628759801692726198478046188873057685686228021663", "price": "0.161", "size": "0", "side": "BUY", "hash": "21573dd83550358edfa83668addbd7fad74052c5", "best_bid": "0.985", "best_ask": "0.986"}, {"asset_id": "28946595841244317705636126646676849578876740730186646421280828201004700559420", "price": "0.839", "size": "0", "side": "SELL", "hash": "47c90b97828d88405f5b378ef12d5cc504b91933", "best_bid": "0.014", "best_ask": "0.015"}], "timestamp": "1769384558838", "event_type": "price_change"}}
{"_local_timestamp": "2026-01-25T23:42:39.206485+00:00", "data": {"market": "0xae5584fbb57f23c1c608d544b656f23d8bf12340cef70811cf31bb0cb4fc2115", "price_changes": [{"asset_id": "42278252558046940014991595990628759801692726198478046188873057685686228021663", "price": "0.113", "size": "0", "side": "BUY", "hash": "a61dee94c49217b6d1a87b750eaf0b79a8ea2dbd", "best_bid": "0.985", "best_ask": "0.986"}, {"asset_id": "28946595841244317705636126646676849578876740730186646421280828201004700559420", "price": "0.887", "size": "0", "side": "SELL", "hash": "c0796e462bb665848a2470cba03cf9e4c9efe755", "best_bid": "0.014", "best_ask": "0.015"}], "timestamp": "1769384559048", "event_type": "price_change"}}
{"_local_timestamp": "2026-01-25T23:42:39.402124+00:00", "data": {"market": "0xae5584fbb57f23c1c608d544b656f23d8bf12340cef70811cf31bb0cb4fc2115", "price_changes": [{"asset_id": "42278252558046940014991595990628759801692726198478046188873057685686228021663", "price": "0.072", "size": "151.28", "side": "BUY", "hash": "2f0e78c087fd961e4835476c904fbca45e6ef8bf", "best_bid": "0.985", "best_ask": "0.986"}, {"asset_id": "28946595841244317705636126646676849578876740730186646421280828201004700559420", "price": "0.928", "size": "151.28", "side": "SELL", "hash": "c0ed6f7b3c70eef61e7bb6ab4b895bb0ea427301", "best_bid": "0.014", "best_ask": "0.015"}], "timestamp": "1769384559249", "event_type": "price_change"}}
{"_local_timestamp": "2026-01-25T23:42:39.657179+00:00", "data": {"market": "0xae5584fbb57f23c1c608d544b656f23d8bf12340cef70811cf31bb0cb4fc2115", "price_changes": [{"asset_id": "42278252558046940014991595990628759801692726198478046188873057685686228021663", "price": "0.028", "size": "0", "side": "BUY", "hash": "6b5cc35542952331fc7c3735ba3c45cd32cb4da3", "best_bid": "0.985", "best_ask": "0.986"}, {"asset_id": "28946595841244317705636126646676849578876740730186646421280828201004700559420", "price": "0.972", "size": "0", "side": "SELL", "hash": "baac2af369228a99853c62d90cd861c404a3b9e5", "best_bid": "0.014", "best_ask": "0.015"}], "timestamp": "1769384559487", "event_type": "price_change"}}
{"_local_timestamp": "2026-01-25T23:42:39.893533+00:00", "data": {"market": "0xae5584fbb57f23c1c608d544b656f23d8bf12340cef70811cf31bb0cb4fc2115", "price_changes": [{"asset_id": "42278252558046940014991595990628759801692726198478046188873057685686228021663", "price": "0.022", "size": "95", "side": "BUY", "hash": "b56f858d054117e7bf0fad92721a3ec4864c9d33", "best_bid": "0.985", "best_ask": "0.986"}, {"asset_id": "28946595841244317705636126646676849578876740730186646421280828201004700559420", "price": "0.978", "size": "95", "side": "SELL", "hash": "83e92b7d61221c228ed0efb39edd6a7ede59b237", "best_bid": "0.014", "best_ask": "0.015"}], "timestamp": "1769384559680", "event_type": "price_change"}}
{"_local_timestamp": "2026-01-25T23:42:40.066291+00:00", "data": {"market": "0xae5584fbb57f23c1c608d544b656f23d8bf12340cef70811cf31bb0cb4fc2115", "price_changes": [{"asset_id": "42278252558046940014991595990628759801692726198478046188873057685686228021663", "price": "0.021", "size": "207.79", "side": "BUY", "hash": "fd8e919ef29675176d43bfbbdca9dda6a7a01b18", "best_bid": "0.985", "best_ask": "0.986"}, {"asset_id": "28946595841244317705636126646676849578876740730186646421280828201004700559420", "price": "0.979", "size": "207.79", "side": "SELL", "hash": "14c2214864ace9be566b6b0cf701429b0da10c6f", "best_bid": "0.014", "best_ask": "0.015"}], "timestamp": "1769384559885", "event_type": "price_change"}}
{"_local_timestamp": "2026-01-25T23:42:40.315114+00:00", "data": {"market": "0xae5584fbb57f23c1c608d544b656f23d8bf12340cef70811cf31bb0cb4fc2115", "price_changes": [{"asset_id": "42278252558046940014991595990628759801692726198478046188873057685686228021663", "price": "0.03", "size": "145.45", "side": "BUY", "hash": "e785390abd604b55ecaf6e62fbd127e7efde4c69", "best_bid": "0.985", "best_ask": "0.986"}, {"asset_id": "28946595841244317705636126646676849578876740730186646421280828201004700559420", "price": "0.97", "size": "145.45", "side": "SELL", "hash": "84f528502d752ac0266efd9dee1eb0eda1811c61", "best_bid": "0.014", "best_ask": "0.015"}], "timestamp": "1769384560096", "event_type": "price_change"}}
{"_local_timestamp": "2026-01-25T23:42:40.433673+00:00", "data": {"market": "0xae5584fbb57f23c1c608d544b656f23d8bf12340cef70811cf31bb0cb4fc2115", "price_changes": [{"asset_id": "42278252558046940014991595990628759801692726198478046188873057685686228021663", "price": "0.052", "size": "0", "side": "BUY", "hash": "96cb35038de5e6153c0e1a3d1d2e78fb64382c9b", "best_bid": "0.985", "best_ask": "0.986"}, {"asset_id": "28946595841244317705636126646676849578876740730186646421280828201004700559420", "price": "0.948", "size": "0", "side": "SELL", "hash": "84409e68977e22628da3100b8f35dceaaa9001dc", "best_bid": "0.014", "best_ask": "0.015"}], "timestamp": "1769384560294", "event_type": "price_change"}}
{"_local_timestamp": "2026-01-25T23:42:40.614528+00:00", "data": {"market": "0xae5584fbb57f23c1c608d544b656f23d8bf12340cef70811cf31bb0cb4fc2115", "price_changes": [{"asset_id": "42278252558046940014991595990628759801692726198478046188873057685686228021663", "price": "0.052", "size": "83.91", "side": "BUY", "hash": "a2d2ad9de2620560df6f54ecc92269500ba45dde", "best_bid": "0.985", "best_ask": "0.986"}, {"asset_id": "28946595841244317705636126646676849578876740730186646421280828201004700559420", "price": "0.948", "size": "83.91", "side": "SELL", "hash": "9ad788309219989fe0700337e8ab87179d3ee26c", "best_bid": "0.014", "best_ask": "0.015"}], "timestamp": "1769384560499", "event_type": "price_change"}}
{"_local_timestamp": "2026-01-25T23:42:40.825553+00:00", "data": {"market": "0xae5584fbb57f23c1c608d544b656f23d8bf12340cef70811cf31bb0cb4fc2115", "price_changes": [{"asset_id": "42278252558046940014991595990628759801692726198478046188873057685686228021663", "price": "0.101", "size": "36.55", "side": "BUY", "hash": "5c01eb50f8f1597353c68c6c26690e1ab0b1eac5", "best_bid": "0.985", "best_ask": "0.986"}, {"asset_id": "28946595841244317705636126646676849578876740730186646421280828201004700559420", "price": "0.899", "size": "36.55", "side": "SELL", "hash": "990e2560495f375dd3f7898b3e3de5905cb441b7", "best_bid": "0.014", "best_ask": "0.015"}], "timestamp": "1769384560696", "event_type": "price_change"}}
{"_local_timestamp": "2026-01-25T23:42:41.032793+00:00", "data": {"market": "0xae5584fbb57f23c1c608d544b656f23d8bf12340cef70811cf31bb0cb4fc2115", "price_changes": [{"asset_id": "42278252558046940014991595990628759801692726198478046188873057685686228021663", "price": "0.101", "size": "79.75", "side": "BUY", "hash": "654c2f15cb1c06f26eca41c44340f6e2a8db598f", "best_bid": "0.985", "best_ask": "0.986"}, {"asset_id": "28946595841244317705636126646676849578876740730186646421280828201004700559420", "price": "0.899", "size": "79.75", "side": "SELL", "hash": "7d4c47c18c999edab585ccba4f1f7f6301c5784b", "best_bid": "0.014", "best_ask": "0.015"}], "timestamp": "1769384560902", "event_type": "price_change"}}
{"_local_timestamp": "2026-01-25T23:42:41.240452+00:00", "data": {"market": "0xae5584fbb57f23c1c608d544b656f23d8bf12340cef70811cf31bb0cb4fc2115", "price_changes": [{"asset_id": "42278252558046940014991595990628759801692726198478046188873057685686228021663", "price": "0.115", "size": "37.94", "side": "BUY", "hash": "31c05675f5f935950b0ff76307316d26f2e6c69f", "best_bid": "0.985", "best_ask": "0.986"}, {"asset_id": "28946595841244317705636126646676849578876740730186646421280828201004700559420", "price": "0.885", "size": "37.94", "side": "SELL", "hash": "449a73416fd0a00f424e6e1e13e27159d059f443", "best_bid": "0.014", "best_ask": "0.015"}], "timestamp": "1769384561113", "event_type": "price_change"}}
{"_local_timestamp": "2026-01-25T23:42:41.439325+00:00", "data": {"market": "0xae5584fbb57f23c1c608d544b656f23d8bf12340cef70811cf31bb0cb4fc2115", "price_changes": [{"asset_id": "42278252558046940014991595990628759801692726198478046188873057685686228021663", "price": "0.151", "size": "0", "side": "BUY", "hash": "615aa2c3b9e8f3b1831fb89a881ea3a9775d26ea", "best_bid": "0.985", "best_ask": "0.986"}, {"asset_id": "28946595841244317705636126646676849578876740730186646421280828201004700559420", "price": "0.849", "size": "0", "side": "SELL", "hash": "1ddd2af69b4ec6e214df413590251be5f26b30bd", "best_bid": "0.014", "best_ask": "0.015"}], "timestamp": "1769384561314", "event_type": "price_change"}}
{"_local_timestamp": "2026-01-25T23:42:41.637706+00:00", "data": {"market": "0xae5584fbb57f23c1c608d544b656f23d8bf12340cef70811cf31bb0cb4fc2115", "price_changes": [{"asset_id": "28946595841244317705636126646676849578876740730186646421280828201004700559420", "price": "0.011", "size": "2532.23", "side": "BUY", "hash": "4623048b978aa41d49b5da92d79cb6b53f7633c7", "best_bid": "0.014", "best_ask": "0.015"}, {"asset_id": "42278252558046940014991595990628759801692726198478046188873057685686228021663", "price": "0.989", "size": "2532.23", "side": "SELL", "hash": "6d7962dae084474de1ea422d520c835add060414", "best_bid": "0.985", "best_ask": "0.986"}], "timestamp": "1769384561509", "event_type": "price_change"}}
{"_local_timestamp": "2026-01-25T23:42:41.648642+00:00", "data": {"market": "0xae5584fbb57f23c1c608d544b656f23d8bf12340cef70811cf31bb0cb4fc2115", "price_changes": [{"asset_id": "42278252558046940014991595990628759801692726198478046188873057685686228021663", "price": "0.151", "size": "28.89", "side": "BUY", "hash": "ebdd9b462ae3fb041c5b4aeaeefe4216bc98ce7a", "best_bid": "0.985", "best_ask": "0.986"}, {"asset_id": "28946595841244317705636126646676849578876740730186646421280828201004700559420", "price": "0.849", "size": "28.89", "side": "SELL", "hash": "e54383ca463c2a4b9450f61c6c388b5b90f2a872", "best_bid": "0.014", "best_ask": "0.015"}], "timestamp": "1769384561529", "event_type": "price_change"}}
{"_local_timestamp": "2026-01-25T23:42:41.859260+00:00", "data": {"market": "0xae5584fbb57f23c1c608d544b656f23d8bf12340cef70811cf31bb0cb4fc2115", "price_changes": [{"asset_id": "42278252558046940014991595990628759801692726198478046188873057685686228021663", "price": "0.163", "size": "26.77", "side": "BUY", "hash": "7e516c7658f2f0b7ab9b5880fbfd8ac317430e17", "best_bid": "0.985", "best_ask": "0.986"}, {"asset_id": "28946595841244317705636126646676849578876740730186646421280828201004700559420", "price": "0.837", "size": "26.77", "side": "SELL", "hash": "583a678fe34019dc86ba77c0ff4f451c9dfb9be8", "best_bid": "0.014", "best_ask": "0.015"}], "timestamp": "1769384561735", "event_type": "price_change"}}
{"_local_timestamp": "2026-01-25T23:42:42.042626+00:00", "data": {"market": "0xae5584fbb57f23c1c608d544b656f23d8bf12340cef70811cf31bb0cb4fc2115", "price_changes": [{"asset_id": "42278252558046940014991595990628759801692726198478046188873057685686228021663", "price": "0.201", "size": "18.36", "side": "BUY", "hash": "ee43ab54e4a7117f284469f727eb5ac3f0e7eecd", "best_bid": "0.985", "best_ask": "0.986"}, {"asset_id": "28946595841244317705636126646676849578876740730186646421280828201004700559420", "price": "0.799", "size": "18.36", "side": "SELL", "hash": "9adccb473784a360abe1ec0a10e33b1fe964cb1c", "best_bid": "0.014", "best_ask": "0.015"}], "timestamp": "1769384561922", "event_type": "price_change"}}
{"_local_timestamp": "2026-01-25T23:42:42.252400+00:00", "data": {"market": "0xae5584fbb57f23c1c608d544b656f23d8bf12340cef70811cf31bb0cb4fc2115", "price_changes": [{"asset_id": "42278252558046940014991595990628759801692726198478046188873057685686228021663", "price": "0.201", "size": "40.06", "side": "BUY", "hash": "33d5d99c564113b7931499fa6690b61079625305", "best_bid": "0.985", "best_ask": "0.986"}, {"asset_id": "28946595841244317705636126646676849578876740730186646421280828201004700559420", "price": "0.799", "size": "40.06", "side": "SELL", "hash": "46783f5aae50359065f131cf3a507aa9c820a7eb", "best_bid": "0.014", "best_ask": "0.015"}], "timestamp": "1769384562136", "event_type": "price_change"}}
{"_local_timestamp": "2026-01-25T23:42:42.477835+00:00", "data": {"market": "0xae5584fbb57f23c1c608d544b656f23d8bf12340cef70811cf31bb0cb4fc2115", "price_changes": [{"asset_id": "42278252558046940014991595990628759801692726198478046188873057685686228021663", "price": "0.254", "size": "17.17", "side": "BUY", "hash": "219ab5ebafceba3bb094c9fdb58ca3e3ce02cff5", "best_bid": "0.985", "best_ask": "0.986"}, {"asset_id": "28946595841244317705636126646676849578876740730186646421280828201004700559420", "price": "0.746", "size": "17.17", "side": "SELL", "hash": "436e7a67dc45bed1defd7c5a91891ee5dc4076f7", "best_bid": "0.014", "best_ask": "0.015"}], "timestamp": "1769384562359", "event_type": "price_change"}}
{"_local_timestamp": "2026-01-25T23:42:42.678780+00:00", "data": {"market": "0xae5584fbb57f23c1c608d544b656f23d8bf12340cef70811cf31bb0cb4fc2115", "price_changes": [{"asset_id": "42278252558046940014991595990628759801692726198478046188873057685686228021663", "price": "0.352", "size": "12.39", "side": "BUY", "hash": "09a67606b871a604632e6e4112b2591abc95a03d", "best_bid": "0.985", "best_ask": "0.986"}, {"asset_id": "28946595841244317705636126646676849578876740730186646421280828201004700559420", "price": "0.648", "size": "12.39", "side": "SELL", "hash": "c3f43e27b0004f884696aa18868da066a34a336c", "best_bid": "0.014", "best_ask": "0.015"}], "timestamp": "1769384562565", "event_type": "price_change"}}
{"_local_timestamp": "2026-01-25T23:42:42.875213+00:00", "data": {"market": "0xae5584fbb57f23c1c608d544b656f23d8bf12340cef70811cf31bb0cb4fc2115", "price_changes": [{"asset_id": "42278252558046940014991595990628759801692726198478046188873057685686228021663", "price": "0.5", "size": "13.72", "side": "BUY", "hash": "51d59abe5174ac77012ef60374a840a8e010e298", "best_bid": "0.985", "best_ask": "0.986"}, {"asset_id": "28946595841244317705636126646676849578876740730186646421280828201004700559420", "price": "0.5", "size": "13.72", "side": "SELL", "hash": "cd5aea31160e3cd5dd3bc597a0ecf6c63d5d2a60", "best_bid": "0.014", "best_ask": "0.015"}], "timestamp": "1769384562757", "event_type": "price_change"}}
{"_local_timestamp": "2026-01-25T23:43:13.405878+00:00", "data": {"market": "0xae5584fbb57f23c1c608d544b656f23d8bf12340cef70811cf31bb0cb4fc2115", "price_changes": [{"asset_id": "42278252558046940014991595990628759801692726198478046188873057685686228021663", "price": "0.072", "size": "51.28", "side": "BUY", "hash": "138bd014e8ab16e9bd2a19d7612b83b18698caea", "best_bid": "0.985", "best_ask": "0.986"}, {"asset_id": "28946595841244317705636126646676849578876740730186646421280828201004700559420", "price": "0.928", "size": "51.28", "side": "SELL", "hash": "fe1fce53d4b97e322125e503d44fa13d26d65269", "best_bid": "0.014", "best_ask": "0.015"}], "timestamp": "1769384593281", "event_type": "price_change"}}
{"_local_timestamp": "2026-01-25T23:43:13.681282+00:00", "data": {"market": "0xae5584fbb57f23c1c608d544b656f23d8bf12340cef70811cf31bb0cb4fc2115", "price_changes": [{"asset_id": "42278252558046940014991595990628759801692726198478046188873057685686228021663", "price": "0.07", "size": "300", "side": "BUY", "hash": "3bbe072d3ef2e3b2c96a59a0b07032eb98145b64", "best_bid": "0.985", "best_ask": "0.986"}, {"asset_id": "28946595841244317705636126646676849578876740730186646421280828201004700559420", "price": "0.93", "size": "300", "side": "SELL", "hash": "c7b257c5dd920d7919130ce4303149fe90837971", "best_bid": "0.014", "best_ask": "0.015"}], "timestamp": "1769384593552", "event_type": "price_change"}}
{"_local_timestamp": "2026-01-25T23:43:13.831819+00:00", "data": {"market": "0xae5584fbb57f23c1c608d544b656f23d8bf12340cef70811cf31bb0cb4fc2115", "price_changes": [{"asset_id": "28946595841244317705636126646676849578876740730186646421280828201004700559420", "price": "0.011", "size": "2556.77", "side": "BUY", "hash": "2617d8f28136f5de255b41f331217b0a80417327", "best_bid": "0.014", "best_ask": "0.015"}, {"asset_id": "42278252558046940014991595990628759801692726198478046188873057685686228021663", "price": "0.989", "size": "2556.77", "side": "SELL", "hash": "2a75d6bb72eb666c386765ddca4c86471ad1bff3", "best_bid": "0.985", "best_ask": "0.986"}], "timestamp": "1769384593714", "event_type": "price_change"}}
{"_local_timestamp": "2026-01-25T23:43:34.381835+00:00", "data": {"market": "0xae5584fbb57f23c1c608d544b656f23d8bf12340cef70811cf31bb0cb4fc2115", "price_changes": [{"asset_id": "28946595841244317705636126646676849578876740730186646421280828201004700559420", "price": "0.02", "size": "8144.88", "side": "SELL", "hash": "068371526f629bf11baf5c185d559375dbfd6a14", "best_bid": "0.014", "best_ask": "0.015"}, {"asset_id": "42278252558046940014991595990628759801692726198478046188873057685686228021663", "price": "0.98", "size": "8144.88", "side": "BUY", "hash": "859ef37aaff4315a6c4525040968eb3715a568a8", "best_bid": "0.985", "best_ask": "0.986"}], "timestamp": "1769384614295", "event_type": "price_change"}}
{"_local_timestamp": "2026-01-25T23:43:34.686233+00:00", "data": {"market": "0xae5584fbb57f23c1c608d544b656f23d8bf12340cef70811cf31bb0cb4fc2115", "price_changes": [{"asset_id": "28946595841244317705636126646676849578876740730186646421280828201004700559420", "price": "0.02", "size": "8199.88", "side": "SELL", "hash": "92df7958c6186c11212295a1811dc6da1043c579", "best_bid": "0.014", "best_ask": "0.015"}, {"asset_id": "42278252558046940014991595990628759801692726198478046188873057685686228021663", "price": "0.98", "size": "8199.88", "side": "BUY", "hash": "a2b75f68a4a1be32bc9229b129fd73e443bc631e", "best_bid": "0.985", "best_ask": "0.986"}], "timestamp": "1769384614592", "event_type": "price_change"}}
{"_local_timestamp": "2026-01-25T23:43:34.996770+00:00", "data": {"market": "0xae5584fbb57f23c1c608d544b656f23d8bf12340cef70811cf31bb0cb4fc2115", "price_changes": [{"asset_id": "28946595841244317705636126646676849578876740730186646421280828201004700559420", "price": "0.011", "size": "2642.26", "side": "BUY", "hash": "ee650e2e66faeee04e2f8152f10c769d08a818f0", "best_bid": "0.014", "best_ask": "0.015"}, {"asset_id": "42278252558046940014991595990628759801692726198478046188873057685686228021663", "price": "0.989", "size": "2642.26", "side": "SELL", "hash": "32f969b85764326a7599db333e9c1ea309f952c0", "best_bid": "0.985", "best_ask": "0.986"}], "timestamp": "1769384614913", "event_type": "price_change"}}
{"_local_timestamp": "2026-01-25T23:44:21.577438+00:00", "data": {"market": "0xae5584fbb57f23c1c608d544b656f23d8bf12340cef70811cf31bb0cb4fc2115", "price_changes": [{"asset_id": "28946595841244317705636126646676849578876740730186646421280828201004700559420", "price": "0.011", "size": "2542.26", "side": "BUY", "hash": "bfb9d51d550126b105007cf79348354c7a89cf76", "best_bid": "0.014", "best_ask": "0.015"}, {"asset_id": "42278252558046940014991595990628759801692726198478046188873057685686228021663", "price": "0.989", "size": "2542.26", "side": "SELL", "hash": "b55e0965fd86a939b575140331880fa323c66ebb", "best_bid": "0.985", "best_ask": "0.986"}], "timestamp": "1769384661095", "event_type": "price_change"}}
{"_local_timestamp": "2026-01-25T23:44:21.597557+00:00", "data": {"market": "0xae5584fbb57f23c1c608d544b656f23d8bf12340cef70811cf31bb0cb4fc2115", "price_changes": [{"asset_id": "28946595841244317705636126646676849578876740730186646421280828201004700559420", "price": "0.012", "size": "1340.4", "side": "BUY", "hash": "ea3168a3faec6790b377f9c6a446f8f300847801", "best_bid": "0.014", "best_ask": "0.015"}, {"asset_id": "42278252558046940014991595990628759801692726198478046188873057685686228021663", "price": "0.988", "size": "1340.4", "side": "SELL", "hash": "3532e946d6bc2d1d24f6b4ef59304ce506c3f490", "best_bid": "0.985", "best_ask": "0.986"}], "timestamp": "1769384661363", "event_type": "price_change"}}
{"_local_timestamp": "2026-01-25T23:44:21.761012+00:00", "data": {"market": "0xae5584fbb57f23c1c608d544b656f23d8bf12340cef70811cf31bb0cb4fc2115", "price_changes": [{"asset_id": "28946595841244317705636126646676849578876740730186646421280828201004700559420", "price": "0.011", "size": "1962.47", "side": "BUY", "hash": "82f16a14bbaeb53a27423782140194cf19d39e0f", "best_bid": "0.014", "best_ask": "0.015"}, {"asset_id": "42278252558046940014991595990628759801692726198478046188873057685686228021663", "price": "0.989", "size": "1962.47", "side": "SELL", "hash": "8da2310bcabf149531505be8568c3786ded9e073", "best_bid": "0.985", "best_ask": "0.986"}], "timestamp": "1769384661692", "event_type": "price_change"}}
{"_local_timestamp": "2026-01-25T23:44:21.989687+00:00", "data": {"market": "0xae5584fbb57f23c1c608d544b656f23d8bf12340cef70811cf31bb0cb4fc2115", "price_changes": [{"asset_id": "28946595841244317705636126646676849578876740730186646421280828201004700559420", "price": "0.011", "size": "2526.72", "side": "BUY", "hash": "1c146a310c22bd4ac2d54ecfa4fb9765828e5a5a", "best_bid": "0.014", "best_ask": "0.015"}, {"asset_id": "42278252558046940014991595990628759801692726198478046188873057685686228021663", "price": "0.989", "size": "2526.72", "side": "SELL", "hash": "7b049d0b289984508cab124c22f7a9b0b85ffa2f", "best_bid": "0.985", "best_ask": "0.986"}], "timestamp": "1769384661918", "event_type": "price_change"}}
{"_local_timestamp": "2026-01-25T23:44:48.129339+00:00", "data": {"market": "0xae5584fbb57f23c1c608d544b656f23d8bf12340cef70811cf31bb0cb4fc2115", "price_changes": [{"asset_id": "28946595841244317705636126646676849578876740730186646421280828201004700559420", "price": "0.011", "size": "2426.72", "side": "BUY", "hash": "f99ab78a9ffb176ff9d6ec6c18b908ba62f79dd4", "best_bid": "0.014", "best_ask": "0.015"}, {"asset_id": "42278252558046940014991595990628759801692726198478046188873057685686228021663", "price": "0.989", "size": "2426.72", "side": "SELL", "hash": "e3c3eabeaa09279fcc75c889f60a0d22c40f78c0", "best_bid": "0.985", "best_ask": "0.986"}], "timestamp": "1769384688057", "event_type": "price_change"}}
{"_local_timestamp": "2026-01-25T23:44:48.346885+00:00", "data": {"market": "0xae5584fbb57f23c1c608d544b656f23d8bf12340cef70811cf31bb0cb4fc2115", "price_changes": [{"asset_id": "28946595841244317705636126646676849578876740730186646421280828201004700559420", "price": "0.012", "size": "1440.4", "side": "BUY", "hash": "9c36d3309e7c736131b966faadeb09f46c625486", "best_bid": "0.014", "best_ask": "0.015"}, {"asset_id": "42278252558046940014991595990628759801692726198478046188873057685686228021663", "price": "0.988", "size": "1440.4", "side": "SELL", "hash": "892fc5271b874172ee889ab4c44618cab4d0230c", "best_bid": "0.985", "best_ask": "0.986"}], "timestamp": "1769384688280", "event_type": "price_change"}}
{"_local_timestamp": "2026-01-25T23:45:10.083771+00:00", "data": {"market": "0xae5584fbb57f23c1c608d544b656f23d8bf12340cef70811cf31bb0cb4fc2115", "price_changes": [{"asset_id": "28946595841244317705636126646676849578876740730186646421280828201004700559420", "price": "0.005", "size": "0", "side": "BUY", "hash": "f9f6f2a6a9175dc30884f90d647f51ca5428a7a3", "best_bid": "0.014", "best_ask": "0.015"}, {"asset_id": "42278252558046940014991595990628759801692726198478046188873057685686228021663", "price": "0.995", "size": "0", "side": "SELL", "hash": "d83628a458140debcda13e71b3097bd5b9ccb50a", "best_bid": "0.985", "best_ask": "0.986"}], "timestamp": "1769384710001", "event_type": "price_change"}}
{"_local_timestamp": "2026-01-25T23:45:10.090715+00:00", "data": {"market": "0xae5584fbb57f23c1c608d544b656f23d8bf12340cef70811cf31bb0cb4fc2115", "price_changes": [{"asset_id": "28946595841244317705636126646676849578876740730186646421280828201004700559420", "price": "0.002", "size": "9554", "side": "BUY", "hash": "832eaa0c5b54b28d984d0993c71a253438998a12", "best_bid": "0.014", "best_ask": "0.015"}, {"asset_id": "42278252558046940014991595990628759801692726198478046188873057685686228021663", "price": "0.998", "size": "9554", "side": "SELL", "hash": "0fbf397000e926ca42e1697fa32895a8a3c09750", "best_bid": "0.985", "best_ask": "0.986"}], "timestamp": "1769384710002", "event_type": "price_change"}}
{"_local_timestamp": "2026-01-25T23:45:12.064981+00:00", "data": {"market": "0xae5584fbb57f23c1c608d544b656f23d8bf12340cef70811cf31bb0cb4fc2115", "price_changes": [{"asset_id": "28946595841244317705636126646676849578876740730186646421280828201004700559420", "price": "0.014", "size": "0", "side": "BUY", "hash": "710d0dd3bf021e0f565a69b45a11168ddf74f19b", "best_bid": "0.013", "best_ask": "0.015"}, {"asset_id": "42278252558046940014991595990628759801692726198478046188873057685686228021663", "price": "0.986", "size": "0", "side": "SELL", "hash": "22918d4ad3afde5aa9877da69a5cae271f46405b", "best_bid": "0.985", "best_ask": "0.987"}], "timestamp": "1769384711985", "event_type": "price_change"}}
{"_local_timestamp": "2026-01-25T23:45:12.331072+00:00", "data": {"market": "0xae5584fbb57f23c1c608d544b656f23d8bf12340cef70811cf31bb0cb4fc2115", "price_changes": [{"asset_id": "28946595841244317705636126646676849578876740730186646421280828201004700559420", "price": "0.018", "size": "607.17", "side": "SELL", "hash": "c9044d9e1220e6fe848adfc7b74b2483e6b0f69f", "best_bid": "0.013", "best_ask": "0.015"}, {"asset_id": "42278252558046940014991595990628759801692726198478046188873057685686228021663", "price": "0.982", "size": "607.17", "side": "BUY", "hash": "f2e46c6a1c62ac18a89f9d700d9ba60a7e8183fa", "best_bid": "0.985", "best_ask": "0.987"}], "timestamp": "1769384712253", "event_type": "price_change"}}
{"_local_timestamp": "2026-01-25T23:45:12.331734+00:00", "data": {"market": "0xae5584fbb57f23c1c608d544b656f23d8bf12340cef70811cf31bb0cb4fc2115", "price_changes": [{"asset_id": "42278252558046940014991595990628759801692726198478046188873057685686228021663", "price": "0.982", "size": "602", "side": "BUY", "hash": "a411513e1631999d0ab5ccd16742f4663ccf703e", "best_bid": "0.985", "best_ask": "0.987"}, {"asset_id": "28946595841244317705636126646676849578876740730186646421280828201004700559420", "price": "0.018", "size": "602", "side": "SELL", "hash": "93eec9850810fa3c66f6ad2df30390832d330213", "best_bid": "0.013", "best_ask": "0.015"}], "timestamp": "1769384712254", "event_type": "price_change"}}
{"_local_timestamp": "2026-01-25T23:45:12.442757+00:00", "data": {"market": "0xae5584fbb57f23c1c608d544b656f23d8bf12340cef70811cf31bb0cb4fc2115", "price_changes": [{"asset_id": "28946595841244317705636126646676849578876740730186646421280828201004700559420", "price": "0.017", "size": "3280.49", "side": "SELL", "hash": "00883a2d0b1ae3b6a5c324e09fd8d344cb95d8ff", "best_bid": "0.013", "best_ask": "0.015"}, {"asset_id": "42278252558046940014991595990628759801692726198478046188873057685686228021663", "price": "0.983", "size": "3280.49", "side": "BUY", "hash": "8523ec571ae8d75b752620831acd7935eaabf6ee", "best_bid": "0.985", "best_ask": "0.987"}], "timestamp": "1769384712376", "event_type": "price_change"}}
{"_local_timestamp": "2026-01-25T23:45:12.443427+00:00", "data": {"market": "0xae5584fbb57f23c1c608d544b656f23d8bf12340cef70811cf31bb0cb4fc2115", "price_changes": [{"asset_id": "42278252558046940014991595990628759801692726198478046188873057685686228021663", "price": "0.983", "size": "3286.8", "side": "BUY", "hash": "04b06ba52f5c7723a6c3c6e144136390604185a5", "best_bid": "0.985", "best_ask": "0.987"}, {"asset_id": "28946595841244317705636126646676849578876740730186646421280828201004700559420", "price": "0.017", "size": "3286.8", "side": "SELL", "hash": "e3c31682a3af7f0acfe5e0683284a300dea870d8", "best_bid": "0.013", "best_ask": "0.015"}], "timestamp": "1769384712377", "event_type": "price_change"}}
{"_local_timestamp": "2026-01-25T23:45:23.914957+00:00", "data": {"market": "0xae5584fbb57f23c1c608d544b656f23d8bf12340cef70811cf31bb0cb4fc2115", "price_changes": [{"asset_id": "42278252558046940014991595990628759801692726198478046188873057685686228021663", "price": "0.983", "size": "2531.59", "side": "BUY", "hash": "39f45d09e44988468fe30fc1fd48a7f0ff59dd03", "best_bid": "0.985", "best_ask": "0.987"}, {"asset_id": "28946595841244317705636126646676849578876740730186646421280828201004700559420", "price": "0.017", "size": "2531.59", "side": "SELL", "hash": "203e83aa1be462b9e1354ecdde0809372a2fb7cd", "best_bid": "0.013", "best_ask": "0.015"}], "timestamp": "1769384723834", "event_type": "price_change"}}
{"_local_timestamp": "2026-01-25T23:45:24.449778+00:00", "data": {"market": "0xae5584fbb57f23c1c608d544b656f23d8bf12340cef70811cf31bb0cb4fc2115", "price_changes": [{"asset_id": "42278252558046940014991595990628759801692726198478046188873057685686228021663", "price": "0.984", "size": "923.06", "side": "BUY", "hash": "8ba5f03dfc8418651477b115dd879f114719c5a0", "best_bid": "0.985", "best_ask": "0.987"}, {"asset_id": "28946595841244317705636126646676849578876740730186646421280828201004700559420", "price": "0.016", "size": "923.06", "side": "SELL", "hash": "0257e1319c961376a118f3754b41493b71788f21", "best_bid": "0.013", "best_ask": "0.015"}], "timestamp": "1769384724382", "event_type": "price_change"}}
{"_local_timestamp": "2026-01-25T23:45:33.447209+00:00", "data": {"market": "0xae5584fbb57f23c1c608d544b656f23d8bf12340cef70811cf31bb0cb4fc2115", "price_changes": [{"asset_id": "28946595841244317705636126646676849578876740730186646421280828201004700559420", "price": "0.02", "size": "8144.88", "side": "SELL", "hash": "5caaa1cb4f076fd126e849210c18870ab3845a11", "best_bid": "0.013", "best_ask": "0.015"}, {"asset_id": "42278252558046940014991595990628759801692726198478046188873057685686228021663", "price": "0.98", "size": "8144.88", "side": "BUY", "hash": "4f681acbaa26a25fa61358a0c2037dcecd35a6e3", "best_bid": "0.985", "best_ask": "0.987"}], "timestamp": "1769384733374", "event_type": "price_change"}}
{"_local_timestamp": "2026-01-25T23:45:33.664484+00:00", "data": {"market": "0xae5584fbb57f23c1c608d544b656f23d8bf12340cef70811cf31bb0cb4fc2115", "price_changes": [{"asset_id": "28946595841244317705636126646676849578876740730186646421280828201004700559420", "price": "0.02", "size": "8199.88", "side": "SELL", "hash": "6ddf075220c3fd5d11a4f40269316325c7840071", "best_bid": "0.013", "best_ask": "0.015"}, {"asset_id": "42278252558046940014991595990628759801692726198478046188873057685686228021663", "price": "0.98", "size": "8199.88", "side": "BUY", "hash": "0d28170d358e05c7f7d2b80078064986a59fd93a", "best_bid": "0.985", "best_ask": "0.987"}], "timestamp": "1769384733591", "event_type": "price_change"}}
{"_local_timestamp": "2026-01-25T23:45:33.719157+00:00", "data": {"market": "0xae5584fbb57f23c1c608d544b656f23d8bf12340cef70811cf31bb0cb4fc2115", "price_changes": [{"asset_id": "42278252558046940014991595990628759801692726198478046188873057685686228021663", "price": "0.983", "size": "2525.28", "side": "BUY", "hash": "2d007beb096cb85a49f002178d309bda419790b4", "best_bid": "0.985", "best_ask": "0.987"}, {"asset_id": "28946595841244317705636126646676849578876740730186646421280828201004700559420", "price": "0.017", "size": "2525.28", "side": "SELL", "hash": "8dab8cb61e7840c3f85a83409b69cbe02a079b6f", "best_bid": "0.013", "best_ask": "0.015"}], "timestamp": "1769384733649", "event_type": "price_change"}}
{"_local_timestamp": "2026-01-25T23:45:33.719844+00:00", "data": {"market": "0xae5584fbb57f23c1c608d544b656f23d8bf12340cef70811cf31bb0cb4fc2115", "price_changes": [{"asset_id": "28946595841244317705636126646676849578876740730186646421280828201004700559420", "price": "0.011", "size": "1862.47", "side": "BUY", "hash": "0002afd0d9feb9adbed8631cb59f8639df9536fe", "best_bid": "0.013", "best_ask": "0.015"}, {"asset_id": "42278252558046940014991595990628759801692726198478046188873057685686228021663", "price": "0.989", "size": "1862.47", "side": "SELL", "hash": "21870e9abd4b12a9fc8ecd1c73821bf387bb0313", "best_bid": "0.985", "best_ask": "0.987"}], "timestamp": "1769384733650", "event_type": "price_change"}}
{"_local_timestamp": "2026-01-25T23:45:34.177371+00:00", "data": {"market": "0xae5584fbb57f23c1c608d544b656f23d8bf12340cef70811cf31bb0cb4fc2115", "price_changes": [{"asset_id": "28946595841244317705636126646676849578876740730186646421280828201004700559420", "price": "0.011", "size": "2421.97", "side": "BUY", "hash": "de6c4b39b2b52a3c1cb82533316d84633b1e600c", "best_bid": "0.013", "best_ask": "0.015"}, {"asset_id": "42278252558046940014991595990628759801692726198478046188873057685686228021663", "price": "0.989", "size": "2421.97", "side": "SELL", "hash": "e11046ff665c86952a0c37ac0d2eef9ccb8190a4", "best_bid": "0.985", "best_ask": "0.987"}], "timestamp": "1769384734094", "event_type": "price_change"}}
{"_local_timestamp": "2026-01-25T23:45:34.178257+00:00", "data": {"market": "0xae5584fbb57f23c1c608d544b656f23d8bf12340cef70811cf31bb0cb4fc2115", "price_changes": [{"asset_id": "42278252558046940014991595990628759801692726198478046188873057685686228021663", "price": "0.983", "size": "2531.54", "side": "BUY", "hash": "34b027cdc1ef7952b140f93f0b753f9b921d4a99", "best_bid": "0.985", "best_ask": "0.987"}, {"asset_id": "28946595841244317705636126646676849578876740730186646421280828201004700559420", "price": "0.017", "size": "2531.54", "side": "SELL", "hash": "cb36cd5dc0529ee75b59e38b2f12329d11d58270", "best_bid": "0.013", "best_ask": "0.015"}], "timestamp": "1769384734097", "event_type": "price_change"}}
{"_local_timestamp": "2026-01-25T23:45:36.178747+00:00", "data": {"market": "0xae5584fbb57f23c1c608d544b656f23d8bf12340cef70811cf31bb0cb4fc2115", "price_changes": [{"asset_id": "28946595841244317705636126646676849578876740730186646421280828201004700559420", "price": "0.015", "size": "655.84", "side": "SELL", "hash": "54d866c304a5c4490e3762c97192de8925da4f80", "best_bid": "0.013", "best_ask": "0.015"}, {"asset_id": "42278252558046940014991595990628759801692726198478046188873057685686228021663", "price": "0.985", "size": "655.84", "side": "BUY", "hash": "40d6e52505deb30080fdbae1ffa7ffc9816c8a69", "best_bid": "0.985", "best_ask": "0.987"}], "timestamp": "1769384736104", "event_type": "price_change"}}
{"_local_timestamp": "2026-01-25T23:45:36.180954+00:00", "data": {"market": "0xae5584fbb57f23c1c608d544b656f23d8bf12340cef70811cf31bb0cb4fc2115", "asset_id": "28946595841244317705636126646676849578876740730186646421280828201004700559420", "bids": [{"price": "0.001", "size": "21875.87"}, {"price": "0.002", "size": "9554"}, {"price": "0.003", "size": "6250"}, {"price": "0.004", "size": "29750"}, {"price": "0.006", "size": "505.23"}, {"price": "0.007", "size": "3210.45"}, {"price": "0.008", "size": "14857.87"}, {"price": "0.009", "size": "8259.36"}, {"price": "0.01", "size": "1933.63"}, {"price": "0.011", "size": "2421.97"}, {"price": "0.012", "size": "1440.4"}, {"price": "0.013", "size": "165.82"}], "asks": [{"price": "0.999", "size": "1109160.75"}, {"price": "0.998", "size": "1250"}, {"price": "0.997", "size": "62400"}, {"price": "0.994", "size": "200"}, {"price": "0.99", "size": "1000"}, {"price": "0.98", "size": "2000"}, {"price": "0.979", "size": "207.79"}, {"price": "0.978", "size": "95"}, {"price": "0.971", "size": "127.32"}, {"price": "0.97", "size": "145.45"}, {"price": "0.95", "size": "330"}, {"price": "0.949", "size": "39"}, {"price": "0.948", "size": "83.91"}, {"price": "0.93", "size": "300"}, {"price": "0.928", "size": "51.28"}, {"price": "0.9", "size": "560"}, {"price": "0.899", "size": "79.75"}, {"price": "0.886", "size": "32.38"}, {"price": "0.885", "size": "37.94"}, {"price": "0.85", "size": "551.66"}, {"price": "0.849", "size": "28.89"}, {"price": "0.838", "size": "22.79"}, {"price": "0.837", "size": "26.77"}, {"price": "0.8", "size": "460"}, {"price": "0.799", "size": "40.06"}, {"price": "0.75", "size": "112"}, {"price": "0.749", "size": "14.71"}, {"price": "0.747", "size": "14.59"}, {"price": "0.746", "size": "17.17"}, {"price": "0.7", "size": "236.66"}, {"price": "0.699", "size": "12.26"}, {"price": "0.658", "size": "3100"}, {"price": "0.65", "size": "68.57"}, {"price": "0.649", "size": "10.51"}, {"price": "0.648", "size": "12.39"}, {"price": "0.6", "size": "125"}, {"price": "0.597", "size": "9.16"}, {"price": "0.5", "size": "13.72"}, {"price": "0.486", "size": "11111"}, {"price": "0.479", "size": "6000"}, {"price": "0.478", "size": "5"}, {"price": "0.403", "size": "76.92"}, {"price": "0.402", "size": "6.17"}, {"price": "0.35", "size": "108.52"}, {"price": "0.349", "size": "5.67"}, {"price": "0.249", "size": "83.33"}, {"price": "0.2", "size": "32.25"}, {"price": "0.108", "size": "75"}, {"price": "0.1", "size": "55.55"}, {"price": "0.06", "size": "3333"}, {"price": "0.049", "size": "599.99"}, {"price": "0.039", "size": "30"}, {"price": "0.035", "size": "3333"}, {"price": "0.03", "size": "3500"}, {"price": "0.028", "size": "50"}, {"price": "0.027", "size": "1102"}, {"price": "0.025", "size": "3000"}, {"price": "0.024", "size": "1602"}, {"price": "0.023", "size": "3833"}, {"price": "0.022", "size": "480.25"}, {"price": "0.021", "size": "602"}, {"price": "0.02", "size": "8199.88"}, {"price": "0.019", "size": "9514"}, {"price": "0.018", "size": "602"}, {"price": "0.017", "size": "2531.54"}, {"price": "0.016", "size": "923.06"}, {"price": "0.015", "size": "655.84"}], "hash": "54d866c304a5c4490e3762c97192de8925da4f80", "timestamp": "1769384736104", "event_type": "book"}}
{"_local_timestamp": "2026-01-25T23:45:36.183728+00:00", "data": {"market": "0xae5584fbb57f23c1c608d544b656f23d8bf12340cef70811cf31bb0cb4fc2115", "asset_id": "42278252558046940014991595990628759801692726198478046188873057685686228021663", "bids": [{"price": "0.001", "size": "1109160.75"}, {"price": "0.002", "size": "1250"}, {"price": "0.003", "size": "62400"}, {"price": "0.006", "size": "200"}, {"price": "0.01", "size": "1000"}, {"price": "0.02", "size": "2000"}, {"price": "0.021", "size": "207.79"}, {"price": "0.022", "size": "95"}, {"price": "0.029", "size": "127.32"}, {"price": "0.03", "size": "145.45"}, {"price": "0.05", "size": "330"}, {"price": "0.051", "size": "39"}, {"price": "0.052", "size": "83.91"}, {"price": "0.07", "size": "300"}, {"price": "0.072", "size": "51.28"}, {"price": "0.1", "size": "560"}, {"price": "0.101", "size": "79.75"}, {"price": "0.114", "size": "32.38"}, {"price": "0.115", "size": "37.94"}, {"price": "0.15", "size": "551.66"}, {"price": "0.151", "size": "28.89"}, {"price": "0.162", "size": "22.79"}, {"price": "0.163", "size": "26.77"}, {"price": "0.2", "size": "460"}, {"price": "0.201", "size": "40.06"}, {"price": "0.25", "size": "112"}, {"price": "0.251", "size": "14.71"}, {"price": "0.253", "size": "14.59"}, {"price": "0.254", "size": "17.17"}, {"price": "0.3", "size": "236.66"}, {"price": "0.301", "size": "12.26"}, {"price": "0.342", "size": "3100"}, {"price": "0.35", "size": "68.57"}, {"price": "0.351", "size": "10.51"}, {"price": "0.352", "size": "12.39"}, {"price": "0.4", "size": "125"}, {"price": "0.403", "size": "9.16"}, {"price": "0.5", "size": "13.72"}, {"price": "0.514", "size": "11111"}, {"price": "0.521", "size": "6000"}, {"price": "0.522", "size": "5"}, {"price": "0.597", "size": "76.92"}, {"price": "0.598", "size": "6.17"}, {"price": "0.65", "size": "108.52"}, {"price": "0.651", "size": "5.67"}, {"price": "0.751", "size": "83.33"}, {"price": "0.8", "size": "32.25"}, {"price": "0.892", "size": "75"}, {"price": "0.9", "size": "55.55"}, {"price": "0.94", "size": "3333"}, {"price": "0.951", "size": "599.99"}, {"price": "0.961", "size": "30"}, {"price": "0.965", "size": "3333"}, {"price": "0.97", "size": "3500"}, {"price": "0.972", "size": "50"}, {"price": "0.973", "size": "1102"}, {"price": "0.975", "size": "3000"}, {"price": "0.976", "size": "1602"}, {"price": "0.977", "size": "3833"}, {"price": "0.978", "size": "480.25"}, {"price": "0.979", "size": "602"}, {"price": "0.98", "size": "8199.88"}, {"price": "0.981", "size": "9514"}, {"price": "0.982", "size": "602"}, {"price": "0.983", "size": "2531.54"}, {"price": "0.984", "size": "923.06"}, {"price": "0.985", "size": "655.84"}], "asks": [{"price": "0.999", "size": "21875.87"}, {"price": "0.998", "size": "9554"}, {"price": "0.997", "size": "6250"}, {"price": "0.996", "size": "29750"}, {"price": "0.994", "size": "505.23"}, {"price": "0.993", "size": "3210.45"}, {"price": "0.992", "size": "14857.87"}, {"price": "0.991", "size": "8259.36"}, {"price": "0.99", "size": "1933.63"}, {"price": "0.989", "size": "2421.97"}, {"price": "0.988", "size": "1440.4"}, {"price": "0.987", "size": "165.82"}], "hash": "40d6e52505deb30080fdbae1ffa7ffc9816c8a69", "timestamp": "1769384736104", "event_type": "book"}}
{"_local_timestamp": "2026-01-25T23:45:36.202657+00:00", "data": {"market": "0xae5584fbb57f23c1c608d544b656f23d8bf12340cef70811cf31bb0cb4fc2115", "asset_id": "28946595841244317705636126646676849578876740730186646421280828201004700559420", "price": "0.015", "size": "100", "fee_rate_bps": "0", "side": "BUY", "timestamp": "1769384736136", "event_type": "last_trade_price", "transaction_hash": "0xe1e5bd35f0a6a43cc7d04323c44fcc3cec74f8df0056239c2c27e4f500d7feb3"}}
{"_local_timestamp": "2026-01-25T23:46:05.003047+00:00", "data": {"market": "0xae5584fbb57f23c1c608d544b656f23d8bf12340cef70811cf31bb0cb4fc2115", "price_changes": [{"asset_id": "28946595841244317705636126646676849578876740730186646421280828201004700559420", "price": "0.002", "size": "23554", "side": "BUY", "hash": "4662cb4bed9e384fc3b0c4a737925103ded115df", "best_bid": "0.013", "best_ask": "0.015"}, {"asset_id": "42278252558046940014991595990628759801692726198478046188873057685686228021663", "price": "0.998", "size": "23554", "side": "SELL", "hash": "abb34287df18790cd49f7d2f6c55f630e53fb391", "best_bid": "0.985", "best_ask": "0.987"}], "timestamp": "1769384764936", "event_type": "price_change"}}
{"_local_timestamp": "2026-01-25T23:46:05.004961+00:00", "data": {"market": "0xae5584fbb57f23c1c608d544b656f23d8bf12340cef70811cf31bb0cb4fc2115", "price_changes": [{"asset_id": "28946595841244317705636126646676849578876740730186646421280828201004700559420", "price": "0.005", "size": "4400", "side": "BUY", "hash": "2627c733b28c71a12e5f7078a020fb90d417c502", "best_bid": "0.013", "best_ask": "0.015"}, {"asset_id": "42278252558046940014991595990628759801692726198478046188873057685686228021663", "price": "0.995", "size": "4400", "side": "SELL", "hash": "dc0900fd2f04006894323c354a95e360d0e1ca98", "best_bid": "0.985", "best_ask": "0.987"}], "timestamp": "1769384764938", "event_type": "price_change"}}
