{"_local_timestamp": "2026-01-25T23:33:24.820857+00:00", "data": [{"market": "0x8af1519f0b6704eaa52ac0890275b011fbca31729bf93fd956899a2c7ea410c0", "asset_id": "61357261066156427607874461963210376168557582747775514258762252431133388687435", "timestamp": "1769383927611", "hash": "8bf63fb3b5729ab0484881a33606823a6b425e7c", "bids": [{"price": "0.01", "size": "5000"}, {"price": "0.02", "size": "2350"}, {"price": "0.04", "size": "500"}, {"price": "0.05", "size": "5000"}, {"price": "0.06", "size": "600"}, {"price": "0.09", "size": "477.77"}, {"price": "0.1", "size": "700"}, {"price": "0.12", "size": "266.66"}, {"price": "0.14", "size": "1142"}, {"price": "0.15", "size": "2511.66"}, {"price": "0.16", "size": "2624"}, {"price": "0.18", "size": "144.44"}, {"price": "0.19", "size": "10"}, {"price": "0.2", "size": "315"}, {"price": "0.21", "size": "364.28"}, {"price": "0.22", "size": "50"}, {"price": "0.23", "size": "3290"}, {"price": "0.24", "size": "592.33"}, {"price": "0.26", "size": "100"}, {"price": "0.27", "size": "226"}, {"price": "0.41", "size": "200"}, {"price": "0.43", "size": "356.43"}, {"price": "0.44", "size": "37"}, {"price": "0.45", "size": "12"}, {"price": "0.49", "size": "121.1"}, {"price": "0.5", "size": "173.44"}, {"price": "0.51", "size": "16"}, {"price": "0.53", "size": "500"}, {"price": "0.54", "size": "210"}, {"price": "0.55", "size": "494.97"}], "asks": [{"price": "0.99", "size": "5000"}, {"price": "0.98", "size": "1250"}, {"price": "0.96", "size": "1900"}, {"price": "0.95", "size": "331.26"}, {"price": "0.93", "size": "485.71"}, {"price": "0.91", "size": "355.55"}, {"price": "0.9", "size": "2100"}, {"price": "0.89", "size": "254.54"}, {"price": "0.88", "size": "3825"}, {"price": "0.86", "size": "435.71"}, {"price": "0.84", "size": "400"}, {"price": "0.83", "size": "58.92"}, {"price": "0.82", "size": "111.11"}, {"price": "0.7", "size": "446.84"}, {"price": "0.69", "size": "500"}, {"price": "0.68", "size": "40.62"}, {"price": "0.67", "size": "50"}, {"price": "0.66", "size": "82.35"}, {"price": "0.65", "size": "50"}, {"price": "0.61", "size": "1.28"}, {"price": "0.6", "size": "800"}, {"price": "0.59", "size": "247.08"}, {"price": "0.58", "size": "513.71"}], "event_type": "book", "last_trade_price": "0.410"}, {"market": "0x8af1519f0b6704eaa52ac0890275b011fbca31729bf93fd956899a2c7ea410c0", "asset_id": "6991261290382769111733079462092282665787540572081318556604857015498053666166", "timestamp": "1769383927611", "hash": "6eaaa31adda83c72fad9c11ad8bab6b7ed5355cb", "bids": [{"price": "0.01", "size": "5000"}, {"price": "0.02", "size": "1250"}, {"price": "0.04", "size": "1900"}, {"price": "0.05", "size": "331.26"}, {"price": "0.07", "size": "485.71"}, {"price": "0.09", "size": "355.55"}, {"price": "0.1", "size": "2100"}, {"price": "0.11", "size": "254.54"}, {"price": "0.12", "size": "3825"}, {"price": "0.14", "size": "435.71"}, {"price": "0.16", "size": "400"}, {"price": "0.17", "size": "58.92"}, {"price": "0.18", "size": "111.11"}, {"price": "0.3", "size": "446.84"}, {"price": "0.31", "size": "500"}, {"price": "0.32", "size": "40.62"}, {"price": "0.33", "size": "50"}, {"price": "0.34", "size": "82.35"}, {"price": "0.35", "size": "50"}, {"price": "0.39", "size": "1.28"}, {"price": "0.4", "size": "800"}, {"price": "0.41", "size": "247.08"}, {"price": "0.42", "size": "513.71"}], "asks": [{"price": "0.99", "size": "5000"}, {"price": "0.98", "size": "2350"}, {"price": "0.96", "size": "500"}, {"price": "0.95", "size": "5000"}, {"price": "0.94", "size": "600"}, {"price": "0.91", "size": "477.77"}, {"price": "0.9", "size": "700"}, {"price": "0.88", "size": "266.66"}, {"price": "0.86", "size": "1142"}, {"price": "0.85", "size": "2511.66"}, {"price": "0.84", "size": "2624"}, {"price": "0.82", "size": "144.44"}, {"price": "0.81", "size": "10"}, {"price": "0.8", "size": "315"}, {"price": "0.79", "size": "364.28"}, {"price": "0.78", "size": "50"}, {"price": "0.77", "size": "3290"}, {"price": "0.76", "size": "592.33"}, {"price": "0.74", "size": "100"}, {"price": "0.73", "size": "226"}, {"price": "0.59", "size": "200"}, {"price": "0.57", "size": "356.43"}, {"price": "0.56", "size": "37"}, {"price": "0.55", "size": "12"}, {"price": "0.51", "size": "121.1"}, {"price": "0.5", "size": "173.44"}, {"price": "0.49", "size": "16"}, {"price": "0.47", "size": "500"}, {"price": "0.46", "size": "210"}, {"price": "0.45", "size": "494.97"}], "event_type": "book", "last_trade_price": "0.410"}]}
{"_local_timestamp": "2026-01-25T23:33:40.303387+00:00", "data": {"market": "0x8af1519f0b6704eaa52ac0890275b011fbca31729bf93fd956899a2c7ea410c0", "price_changes": [{"asset_id": "61357261066156427607874461963210376168557582747775514258762252431133388687435", "price": "0.2", "size": "215", "side": "BUY", "hash": "61a2e471b6fcca331ae929ab5f475cb977ef8461", "best_bid": "0.55", "best_ask": "0.58"}, {"asset_id": "6991261290382769111733079462092282665787540572081318556604857015498053666166", "price": "0.8", "size": "215", "side": "SELL", "hash": "6a3ce3ed6ffd9633adc356c7e2eb7b857a407f54", "best_bid": "0.42", "best_ask": "0.45"}], "timestamp": "1769384020097", "event_type": "price_change"}}
{"_local_timestamp": "2026-01-25T23:33:40.320078+00:00", "data": {"market": "0x8af1519f0b6704eaa52ac0890275b011fbca31729bf93fd956899a2c7ea410c0", "price_changes": [{"asset_id": "61357261066156427607874461963210376168557582747775514258762252431133388687435", "price": "0.22", "size": "0", "side": "BUY", "hash": "61a2e471b6fcca331ae929ab5f475cb977ef8461", "best_bid": "0.55", "best_ask": "0.58"}, {"asset_id": "6991261290382769111733079462092282665787540572081318556604857015498053666166", "price": "0.78", "size": "0", "side": "SELL", "hash": "6a3ce3ed6ffd9633adc356c7e2eb7b857a407f54", "best_bid": "0.42", "best_ask": "0.45"}], "timestamp": "1769384020097", "event_type": "price_change"}}
{"_local_timestamp": "2026-01-25T23:33:40.746667+00:00", "data": {"market": "0x8af1519f0b6704eaa52ac0890275b011fbca31729bf93fd956899a2c7ea410c0", "price_changes": [{"asset_id": "61357261066156427607874461963210376168557582747775514258762252431133388687435", "price": "0.16", "size": "2724", "side": "BUY", "hash": "91b9c3f8a2d31963e72e4550dc62796ba2a23970", "best_bid": "0.55", "best_ask": "0.58"}, {"asset_id": "6991261290382769111733079462092282665787540572081318556604857015498053666166", "price": "0.84", "size": "2724", "side": "SELL", "hash": "f6588cf9f641d8c6ebde1c54faf80aa84ffa1c95", "best_bid": "0.42", "best_ask": "0.45"}], "timestamp": "1769384020544", "event_type": "price_change"}}
{"_local_timestamp": "2026-01-25T23:33:40.835407+00:00", "data": {"market": "0x8af1519f0b6704eaa52ac0890275b011fbca31729bf93fd956899a2c7ea410c0", "price_changes": [{"asset_id": "61357261066156427607874461963210376168557582747775514258762252431133388687435", "price": "0.23", "size": "3340", "side": "BUY", "hash": "b6952206e8dbc418399ee2d77104fa71c1df9e80", "best_bid": "0.55", "best_ask": "0.58"}, {"asset_id": "6991261290382769111733079462092282665787540572081318556604857015498053666166", "price": "0.77", "size": "3340", "side": "SELL", "hash": "a899a9a59245d0503893aa15084dc9aed877df1a", "best_bid": "0.42", "best_ask": "0.45"}], "timestamp": "1769384020582", "event_type": "price_change"}}
{"_local_timestamp": "2026-01-25T23:33:56.077069+00:00", "data": {"market": "0x8af1519f0b6704eaa52ac0890275b011fbca31729bf93fd956899a2c7ea410c0", "price_changes": [{"asset_id": "61357261066156427607874461963210376168557582747775514258762252431133388687435", "price": "0.55", "size": "394.97", "side": "BUY", "hash": "cf3952bf3c1657412ee6b351c1fa550eec36593d", "best_bid": "0.55", "best_ask": "0.58"}, {"asset_id": "6991261290382769111733079462092282665787540572081318556604857015498053666166", "price": "0.45", "size": "394.97", "side": "SELL", "hash": "40d5943a7a76f20aca732ce75fd9be382b9c1c27", "best_bid": "0.42", "best_ask": "0.45"}], "timestamp": "1769384036003", "event_type": "price_change"}}
{"_local_timestamp": "2026-01-25T23:33:56.083108+00:00", "data": {"market": "0x8af1519f0b6704eaa52ac0890275b011fbca31729bf93fd956899a2c7ea410c0", "price_changes": [{"asset_id": "6991261290382769111733079462092282665787540572081318556604857015498053666166", "price": "0.42", "size": "413.71", "side": "BUY", "hash": "3117e50f943b0cf9f1127ec7370b2512060caa7d", "best_bid": "0.42", "best_ask": "0.45"}, {"asset_id": "61357261066156427607874461963210376168557582747775514258762252431133388687435", "price": "0.58", "size": "413.71", "side": "SELL", "hash": "8acaeadddded74e9c3e00f329dbc939ea713127b", "best_bid": "0.55", "best_ask": "0.58"}], "timestamp": "1769384036003", "event_type": "price_change"}}
{"_local_timestamp": "2026-01-25T23:34:27.866214+00:00", "data": {"market": "0x8af1519f0b6704eaa52ac0890275b011fbca31729bf93fd956899a2c7ea410c0", "price_changes": [{"asset_id": "61357261066156427607874461963210376168557582747775514258762252431133388687435", "price": "0.2", "size": "65", "side": "BUY", "hash": "a109801c41a5acff9e3e9cd90f8efda661910edc", "best_bid": "0.55", "best_ask": "0.58"}, {"asset_id": "6991261290382769111733079462092282665787540572081318556604857015498053666166", "price": "0.8", "size": "65", "side": "SELL", "hash": "87d56bd84a2afbf2b797b33c22922f14c942fd7a", "best_bid": "0.42", "best_ask": "0.45"}], "timestamp": "1769384067617", "event_type": "price_change"}}
{"_local_timestamp": "2026-01-25T23:34:27.876150+00:00", "data": {"market": "0x8af1519f0b6704eaa52ac0890275b011fbca31729bf93fd956899a2c7ea410c0", "price_changes": [{"asset_id": "61357261066156427607874461963210376168557582747775514258762252431133388687435", "price": "0.26", "size": "0", "side": "BUY", "hash": "a109801c41a5acff9e3e9cd90f8efda661910edc", "best_bid": "0.55", "best_ask": "0.58"}, {"asset_id": "6991261290382769111733079462092282665787540572081318556604857015498053666166", "price": "0.74", "size": "0", "side": "SELL", "hash": "87d56bd84a2afbf2b797b33c22922f14c942fd7a", "best_bid": "0.42", "best_ask": "0.45"}], "timestamp": "1769384067617", "event_type": "price_change"}}
{"_local_timestamp": "2026-01-25T23:34:28.489583+00:00", "data": {"market": "0x8af1519f0b6704eaa52ac0890275b011fbca31729bf93fd956899a2c7ea410c0", "price_changes": [{"asset_id": "61357261066156427607874461963210376168557582747775514258762252431133388687435", "price": "0.27", "size": "326", "side": "BUY", "hash": "3806c53d9e5b22e3f01c289e1f662ee368cfa6c7", "best_bid": "0.55", "best_ask": "0.58"}, {"asset_id": "6991261290382769111733079462092282665787540572081318556604857015498053666166", "price": "0.73", "size": "326", "side": "SELL", "hash": "a59c0d0e8325adfa1d02233ab1b788e8fc298989", "best_bid": "0.42", "best_ask": "0.45"}], "timestamp": "1769384068141", "event_type": "price_change"}}
{"_local_timestamp": "2026-01-25T23:34:28.672245+00:00", "data": {"market": "0x8af1519f0b6704eaa52ac0890275b011fbca31729bf93fd956899a2c7ea410c0", "price_changes": [{"asset_id": "61357261066156427607874461963210376168557582747775514258762252431133388687435", "price": "0.16", "size": "2874", "side": "BUY", "hash": "6bff252d2f8aa0931b39dc879bfae0bfc9df179f", "best_bid": "0.55", "best_ask": "0.58"}, {"asset_id": "6991261290382769111733079462092282665787540572081318556604857015498053666166", "price": "0.84", "size": "2874", "side": "SELL", "hash": "c6ab25340b2378829a504e13b685908ee53fd03c", "best_bid": "0.42", "best_ask": "0.45"}], "timestamp": "1769384068222", "event_type": "price_change"}}
{"_local_timestamp": "2026-01-25T23:34:32.823235+00:00", "data": {"market": "0x8af1519f0b6704eaa52ac0890275b011fbca31729bf93fd956899a2c7ea410c0", "price_changes": [{"asset_id": "61357261066156427607874461963210376168557582747775514258762252431133388687435", "price": "0.27", "size": "100", "side": "BUY", "hash": "8749a9af398f9d30df67c7fa592f9461fdefc6f7", "best_bid": "0.55", "best_ask": "0.58"}, {"asset_id": "6991261290382769111733079462092282665787540572081318556604857015498053666166", "price": "0.73", "size": "100", "side": "SELL", "hash": "8997236ab49ca5cf2a3d336c6cafef2f7485523f", "best_bid": "0.42", "best_ask": "0.45"}], "timestamp": "1769384072757", "event_type": "price_change"}}
{"_local_timestamp": "2026-01-25T23:34:32.828894+00:00", "data": {"market": "0x8af1519f0b6704eaa52ac0890275b011fbca31729bf93fd956899a2c7ea410c0", "price_changes": [{"asset_id": "61357261066156427607874461963210376168557582747775514258762252431133388687435", "price": "0.28", "size": "218", "side": "BUY", "hash": "9faa1fc2cefd13959379a38552671bff8c482e43", "best_bid": "0.55", "best_ask": "0.58"}, {"asset_id": "6991261290382769111733079462092282665787540572081318556604857015498053666166", "price": "0.72", "size": "218", "side": "SELL", "hash": "e2ab7719ce3626fb9e517c4fe562b1138ec7c3e5", "best_bid": "0.42", "best_ask": "0.45"}], "timestamp": "1769384072766", "event_type": "price_change"}}
{"_local_timestamp": "2026-01-25T23:35:56.417795+00:00", "data": {"market": "0x8af1519f0b6704eaa52ac0890275b011fbca31729bf93fd956899a2c7ea410c0", "price_changes": [{"asset_id": "61357261066156427607874461963210376168557582747775514258762252431133388687435", "price": "0.2", "size": "15", "side": "BUY", "hash": "9c12b2d21c81b60abf79a9e53089faef67ebdb8d", "best_bid": "0.55", "best_ask": "0.58"}, {"asset_id": "6991261290382769111733079462092282665787540572081318556604857015498053666166", "price": "0.8", "size": "15", "side": "SELL", "hash": "de2122fbc0f480cb9698623569e7c2122b25f41e", "best_bid": "0.42", "best_ask": "0.45"}], "timestamp": "1769384156288", "event_type": "price_change"}}
{"_local_timestamp": "2026-01-25T23:35:56.848252+00:00", "data": {"market": "0x8af1519f0b6704eaa52ac0890275b011fbca31729bf93fd956899a2c7ea410c0", "price_changes": [{"asset_id": "61357261066156427607874461963210376168557582747775514258762252431133388687435", "price": "0.23", "size": "3390", "side": "BUY", "hash": "2a698d54be80aec177f2ea7a85932139f73d9abf", "best_bid": "0.55", "best_ask": "0.58"}, {"asset_id": "6991261290382769111733079462092282665787540572081318556604857015498053666166", "price": "0.77", "size": "3390", "side": "SELL", "hash": "e7e7c2711f59cc9ab6a86c98086b25ae9c139cf7", "best_bid": "0.42", "best_ask": "0.45"}], "timestamp": "1769384156722", "event_type": "price_change"}}
