{"_local_timestamp": "2026-01-25T23:33:24.864178+00:00", "data": [{"market": "0x24fb7c2d95c93a68018e6c4a90d88043bb67d32fd1454924cef8ebdd550228f3", "asset_id": "109194950528471238221689772140031366300756554661469112835221485697222266375845", "timestamp": "1769383963541", "hash": "ca2eb1ddb09e60d7d5cb86b4293d4aa187c7aede", "bids": [{"price": "0.01", "size": "7509.77"}, {"price": "0.02", "size": "3500"}, {"price": "0.03", "size": "508.01"}, {"price": "0.05", "size": "40"}, {"price": "0.08", "size": "1450"}, {"price": "0.09", "size": "7.35"}, {"price": "0.13", "size": "261.53"}, {"price": "0.14", "size": "1692"}, {"price": "0.17", "size": "188.23"}, {"price": "0.2", "size": "1300"}, {"price": "0.21", "size": "133.33"}, {"price": "0.24", "size": "200"}, {"price": "0.25", "size": "1780"}, {"price": "0.26", "size": "400"}, {"price": "0.27", "size": "57"}, {"price": "0.3", "size": "80"}, {"price": "0.34", "size": "183.82"}, {"price": "0.5", "size": "7.5"}, {"price": "0.55", "size": "7.5"}, {"price": "0.6", "size": "15"}, {"price": "0.64", "size": "392"}, {"price": "0.67", "size": "10"}, {"price": "0.7", "size": "250"}, {"price": "0.71", "size": "156.49"}, {"price": "0.73", "size": "17.8"}, {"price": "0.74", "size": "14.86"}, {"price": "0.76", "size": "1555"}, {"price": "0.79", "size": "100"}, {"price": "0.8", "size": "200"}, {"price": "0.81", "size": "200"}], "asks": [{"price": "0.99", "size": "6500"}, {"price": "0.98", "size": "3965.21"}, {"price": "0.97", "size": "500"}, {"price": "0.96", "size": "1006.76"}, {"price": "0.95", "size": "10"}, {"price": "0.94", "size": "9.14"}, {"price": "0.92", "size": "30"}, {"price": "0.91", "size": "1889"}, {"price": "0.9", "size": "2996.17"}, {"price": "0.89", "size": "864"}, {"price": "0.86", "size": "493"}, {"price": "0.85", "size": "2167"}, {"price": "0.84", "size": "1032"}, {"price": "0.83", "size": "231.54"}], "event_type": "book", "last_trade_price": "0.180"}, {"market": "0x24fb7c2d95c93a68018e6c4a90d88043bb67d32fd1454924cef8ebdd550228f3", "asset_id": "62174615336627888814453166657652087168672936561990669762061326057126859157348", "timestamp": "1769383963541", "hash": "d31a7f11ed1bda55570fd8640e7245abf18cccf3", "bids": [{"price": "0.01", "size": "6500"}, {"price": "0.02", "size": "3965.21"}, {"price": "0.03", "size": "500"}, {"price": "0.04", "size": "1006.76"}, {"price": "0.05", "size": "10"}, {"price": "0.06", "size": "9.14"}, {"price": "0.08", "size": "30"}, {"price": "0.09", "size": "1889"}, {"price": "0.1", "size": "2996.17"}, {"price": "0.11", "size": "864"}, {"price": "0.14", "size": "493"}, {"price": "0.15", "size": "2167"}, {"price": "0.16", "size": "1032"}, {"price": "0.17", "size": "231.54"}], "asks": [{"price": "0.99", "size": "7509.77"}, {"price": "0.98", "size": "3500"}, {"price": "0.97", "size": "508.01"}, {"price": "0.95", "size": "40"}, {"price": "0.92", "size": "1450"}, {"price": "0.91", "size": "7.35"}, {"price": "0.87", "size": "261.53"}, {"price": "0.86", "size": "1692"}, {"price": "0.83", "size": "188.23"}, {"price": "0.8", "size": "1300"}, {"price": "0.79", "size": "133.33"}, {"price": "0.76", "size": "200"}, {"price": "0.75", "size": "1780"}, {"price": "0.74", "size": "400"}, {"price": "0.73", "size": "57"}, {"price": "0.7", "size": "80"}, {"price": "0.66", "size": "183.82"}, {"price": "0.5", "size": "7.5"}, {"price": "0.45", "size": "7.5"}, {"price": "0.4", "size": "15"}, {"price": "0.36", "size": "392"}, {"price": "0.33", "size": "10"}, {"price": "0.3", "size": "250"}, {"price": "0.29", "size": "156.49"}, {"price": "0.27", "size": "17.8"}, {"price": "0.26", "size": "14.86"}, {"price": "0.24", "size": "1555"}, {"price": "0.21", "size": "100"}, {"price": "0.2", "size": "200"}, {"price": "0.19", "size": "200"}], "event_type": "book", "last_trade_price": "0.180"}]}
{"_local_timestamp": "2026-01-25T23:33:33.348384+00:00", "data": {"market": "0x24fb7c2d95c93a68018e6c4a90d88043bb67d32fd1454924cef8ebdd550228f3", "price_changes": [{"asset_id": "109194950528471238221689772140031366300756554661469112835221485697222266375845", "price": "0.24", "size": "150", "side": "BUY", "hash": "eeab848d9270e567d459abf2b688afa28e915d03", "best_bid": "0.81", "best_ask": "0.83"}, {"asset_id": "62174615336627888814453166657652087168672936561990669762061326057126859157348", "price": "0.76", "size": "150", "side": "SELL", "hash": "57b4a6a4ad28697e0f2f7e652523094e7e3d1711", "best_bid": "0.17", "best_ask": "0.19"}], "timestamp": "1769384013154", "event_type": "price_change"}}
{"_local_timestamp": "2026-01-25T23:33:33.702436+00:00", "data": {"market": "0x24fb7c2d95c93a68018e6c4a90d88043bb67d32fd1454924cef8ebdd550228f3", "price_changes": [{"asset_id": "109194950528471238221689772140031366300756554661469112835221485697222266375845", "price": "0.2", "size": "1350", "side": "BUY", "hash": "9995101ce5fd80e50d56bd7fc3dc2d74c7a8e1dd", "best_bid": "0.81", "best_ask": "0.83"}, {"asset_id": "62174615336627888814453166657652087168672936561990669762061326057126859157348", "price": "0.8", "size": "1350", "side": "SELL", "hash": "52cb34489b883a9eaf662a4e4a5aa6a115b9c4bb", "best_bid": "0.17", "best_ask": "0.19"}], "timestamp": "1769384013546", "event_type": "price_change"}}
{"_local_timestamp": "2026-01-25T23:33:40.307785+00:00", "data": {"market": "0x24fb7c2d95c93a68018e6c4a90d88043bb67d32fd1454924cef8ebdd550228f3", "price_changes": [{"asset_id": "109194950528471238221689772140031366300756554661469112835221485697222266375845", "price": "0.24", "size": "100", "side": "BUY", "hash": "1fee40188dd09411e290725b5b3e57032e0305b2", "best_bid": "0.81", "best_ask": "0.83"}, {"asset_id": "62174615336627888814453166657652087168672936561990669762061326057126859157348", "price": "0.76", "size": "100", "side": "SELL", "hash": "0b85748443e929d31236a34901daea3919b91a1d", "best_bid": "0.17", "best_ask": "0.19"}], "timestamp": "1769384020097", "event_type": "price_change"}}
{"_local_timestamp": "2026-01-25T23:33:40.768237+00:00", "data": {"market": "0x24fb7c2d95c93a68018e6c4a90d88043bb67d32fd1454924cef8ebdd550228f3", "price_changes": [{"asset_id": "109194950528471238221689772140031366300756554661469112835221485697222266375845", "price": "0.25", "size": "1830", "side": "BUY", "hash": "06ff4d5370e3699b7d092ef4381dacb85b15b4ce", "best_bid": "0.81", "best_ask": "0.83"}, {"asset_id": "62174615336627888814453166657652087168672936561990669762061326057126859157348", "price": "0.75", "size": "1830", "side": "SELL", "hash": "a197d26fb1e961a464a09de0e42656b3f6bdfe56", "best_bid": "0.17", "best_ask": "0.19"}], "timestamp": "1769384020554", "event_type": "price_change"}}
{"_local_timestamp": "2026-01-25T23:34:28.038815+00:00", "data": {"market": "0x24fb7c2d95c93a68018e6c4a90d88043bb67d32fd1454924cef8ebdd550228f3", "price_changes": [{"asset_id": "109194950528471238221689772140031366300756554661469112835221485697222266375845", "price": "0.24", "size": "0", "side": "BUY", "hash": "3547c12195aae06108e0600d611eab3e191e59b3", "best_bid": "0.81", "best_ask": "0.83"}, {"asset_id": "62174615336627888814453166657652087168672936561990669762061326057126859157348", "price": "0.76", "size": "0", "side": "SELL", "hash": "b66e2ff2ded360b5113ff2c94436a968f3172980", "best_bid": "0.17", "best_ask": "0.19"}], "timestamp": "1769384067611", "event_type": "price_change"}}
{"_local_timestamp": "2026-01-25T23:34:28.639526+00:00", "data": {"market": "0x24fb7c2d95c93a68018e6c4a90d88043bb67d32fd1454924cef8ebdd550228f3", "price_changes": [{"asset_id": "109194950528471238221689772140031366300756554661469112835221485697222266375845", "price": "0.25", "size": "1930", "side": "BUY", "hash": "34f4834d1edccc9ef416fac15571e0ac18cdcedf", "best_bid": "0.81", "best_ask": "0.83"}, {"asset_id": "62174615336627888814453166657652087168672936561990669762061326057126859157348", "price": "0.75", "size": "1930", "side": "SELL", "hash": "ba0433221cb661a7c3071ccf5c1ee355d544f2da", "best_bid": "0.17", "best_ask": "0.19"}], "timestamp": "1769384068138", "event_type": "price_change"}}
{"_local_timestamp": "2026-01-25T23:35:56.448865+00:00", "data": {"market": "0x24fb7c2d95c93a68018e6c4a90d88043bb67d32fd1454924cef8ebdd550228f3", "price_changes": [{"asset_id": "109194950528471238221689772140031366300756554661469112835221485697222266375845", "price": "0.2", "size": "1300", "side": "BUY", "hash": "0c52d3c2441011fd7fd729644da449cc917ee437", "best_bid": "0.81", "best_ask": "0.83"}, {"asset_id": "62174615336627888814453166657652087168672936561990669762061326057126859157348", "price": "0.8", "size": "1300", "side": "SELL", "hash": "6d7fd3948588c0f7ce3e9cc53d4a872c8802308a", "best_bid": "0.17", "best_ask": "0.19"}], "timestamp": "1769384156294", "event_type": "price_change"}}
{"_local_timestamp": "2026-01-25T23:35:56.864563+00:00", "data": {"market": "0x24fb7c2d95c93a68018e6c4a90d88043bb67d32fd1454924cef8ebdd550228f3", "price_changes": [{"asset_id": "109194950528471238221689772140031366300756554661469112835221485697222266375845", "price": "0.25", "size": "1980", "side": "BUY", "hash": "54ebd305ede23d03b70177f04498e95c195c0e36", "best_bid": "0.81", "best_ask": "0.83"}, {"asset_id": "62174615336627888814453166657652087168672936561990669762061326057126859157348", "price": "0.75", "size": "1980", "side": "SELL", "hash": "0fc6d15adf38bc9c5041c23a6586a8802c353576", "best_bid": "0.17", "best_ask": "0.19"}], "timestamp": "1769384156734", "event_type": "price_change"}}
{"_local_timestamp": "2026-01-25T23:36:12.874376+00:00", "data": {"market": "0x24fb7c2d95c93a68018e6c4a90d88043bb67d32fd1454924cef8ebdd550228f3", "price_changes": [{"asset_id": "62174615336627888814453166657652087168672936561990669762061326057126859157348", "price": "0.16", "size": "1038", "side": "BUY", "hash": "053d38a26092627d1cb42ae96e0c4932be8b2710", "best_bid": "0.17", "best_ask": "0.19"}, {"asset_id": "109194950528471238221689772140031366300756554661469112835221485697222266375845", "price": "0.84", "size": "1038", "side": "SELL", "hash": "989b9b205acc11c8bbdc3e10474bffbd3dcccf2e", "best_bid": "0.81", "best_ask": "0.83"}], "timestamp": "1769384172808", "event_type": "price_change"}}
{"_local_timestamp": "2026-01-25T23:36:12.877447+00:00", "data": {"market": "0x24fb7c2d95c93a68018e6c4a90d88043bb67d32fd1454924cef8ebdd550228f3", "price_changes": [{"asset_id": "62174615336627888814453166657652087168672936561990669762061326057126859157348", "price": "0.11", "size": "873", "side": "BUY", "hash": "89a207dbeb56a8b58dcc08f85ceb5130cd34bfc7", "best_bid": "0.17", "best_ask": "0.19"}, {"asset_id": "109194950528471238221689772140031366300756554661469112835221485697222266375845", "price": "0.89", "size": "873", "side": "SELL", "hash": "50181bb1fb385ed87bb070917d5821a626b3c16a", "best_bid": "0.81", "best_ask": "0.83"}], "timestamp": "1769384172808", "event_type": "price_change"}}
{"_local_timestamp": "2026-01-25T23:36:12.878444+00:00", "data": {"market": "0x24fb7c2d95c93a68018e6c4a90d88043bb67d32fd1454924cef8ebdd550228f3", "price_changes": [{"asset_id": "62174615336627888814453166657652087168672936561990669762061326057126859157348", "price": "0.14", "size": "500", "side": "BUY", "hash": "2c1f2f6fb2d3a78a5e68f56a88873461d07a93bf", "best_bid": "0.17", "best_ask": "0.19"}, {"asset_id": "109194950528471238221689772140031366300756554661469112835221485697222266375845", "price": "0.86", "size": "500", "side": "SELL", "hash": "ebe0cd134dc84b6c61a300d76f3ae3277524ddfd", "best_bid": "0.81", "best_ask": "0.83"}], "timestamp": "1769384172809", "event_type": "price_change"}}
{"_local_timestamp": "2026-01-25T23:36:12.879661+00:00", "data": {"market": "0x24fb7c2d95c93a68018e6c4a90d88043bb67d32fd1454924cef8ebdd550228f3", "price_changes": [{"asset_id": "62174615336627888814453166657652087168672936561990669762061326057126859157348", "price": "0.15", "size": "2174", "side": "BUY", "hash": "332504baf8b26e589835063321cb095136d7ee6d", "best_bid": "0.17", "best_ask": "0.19"}, {"asset_id": "109194950528471238221689772140031366300756554661469112835221485697222266375845", "price": "0.85", "size": "2174", "side": "SELL", "hash": "80e6d00dab413f57c07095c40a7a34d9b404a8b7", "best_bid": "0.81", "best_ask": "0.83"}], "timestamp": "1769384172810", "event_type": "price_change"}}
{"_local_timestamp": "2026-01-25T23:36:12.880515+00:00", "data": {"market": "0x24fb7c2d95c93a68018e6c4a90d88043bb67d32fd1454924cef8ebdd550228f3", "price_changes": [{"asset_id": "62174615336627888814453166657652087168672936561990669762061326057126859157348", "price": "0.09", "size": "1900", "side": "BUY", "hash": "35902ba1db0daca04fcfa597a3e605312e88b6f9", "best_bid": "0.17", "best_ask": "0.19"}, {"asset_id": "109194950528471238221689772140031366300756554661469112835221485697222266375845", "price": "0.91", "size": "1900", "side": "SELL", "hash": "d1c3c75dd152c63604f688d2faa00cd880d50046", "best_bid": "0.81", "best_ask": "0.83"}], "timestamp": "1769384172810", "event_type": "price_change"}}
{"_local_timestamp": "2026-01-25T23:37:35.229423+00:00", "data": {"market": "0x24fb7c2d95c93a68018e6c4a90d88043bb67d32fd1454924cef8ebdd550228f3", "price_changes": [{"asset_id": "109194950528471238221689772140031366300756554661469112835221485697222266375845", "price": "0.25", "size": "300", "side": "BUY", "hash": "34e0ddd059364a6cbcf476a2247904580877d4f7", "best_bid": "0.81", "best_ask": "0.83"}, {"asset_id": "62174615336627888814453166657652087168672936561990669762061326057126859157348", "price": "0.75", "size": "300", "side": "SELL", "hash": "c2fe29c138f0b1424aa6d8b0d881c17735adefb4", "best_bid": "0.17", "best_ask": "0.19"}], "timestamp": "1769384255117", "event_type": "price_change"}}
