{"_local_timestamp": "2026-01-25T23:33:16.942184+00:00", "data": [{"market": "0xe9c127a8c35f045d37b5344b0a36711084fa20c2fc1618bf178a5386f90610be", "asset_id": "107000426448217931795450451304515386602910396776318075817601265223856116134349", "timestamp": "1769383984070", "hash": "d3cba57959367524e5add983b57f61042d163609", "bids": [{"price": "0.001", "size": "827726.43"}, {"price": "0.002", "size": "1255.1"}, {"price": "0.003", "size": "1400"}, {"price": "0.004", "size": "9.87"}, {"price": "0.006", "size": "200"}, {"price": "0.01", "size": "2000"}, {"price": "0.011", "size": "10.62"}, {"price": "0.02", "size": "1000"}, {"price": "0.021", "size": "5000"}, {"price": "0.022", "size": "167.83"}, {"price": "0.03", "size": "300"}, {"price": "0.032", "size": "5200"}, {"price": "0.037", "size": "92.66"}, {"price": "0.039", "size": "94.67"}, {"price": "0.04", "size": "5.8"}, {"price": "0.05", "size": "30"}, {"price": "0.051", "size": "39"}, {"price": "0.06", "size": "500"}, {"price": "0.062", "size": "55.29"}, {"price": "0.063", "size": "58.6"}, {"price": "0.1", "size": "560"}, {"price": "0.101", "size": "33.94"}, {"price": "0.103", "size": "35.84"}, {"price": "0.104", "size": "5.73"}, {"price": "0.123", "size": "27.87"}, {"price": "0.124", "size": "29.77"}, {"price": "0.15", "size": "776.66"}, {"price": "0.151", "size": "24.45"}, {"price": "0.171", "size": "21.59"}, {"price": "0.172", "size": "19.93"}, {"price": "0.173", "size": "21.34"}, {"price": "0.2", "size": "660"}, {"price": "0.201", "size": "35.41"}, {"price": "0.25", "size": "362"}, {"price": "0.251", "size": "28.36"}, {"price": "0.3", "size": "198.96"}, {"price": "0.301", "size": "11.39"}, {"price": "0.35", "size": "68.57"}, {"price": "0.351", "size": "9.76"}, {"price": "0.36", "size": "38.54"}, {"price": "0.361", "size": "7050"}, {"price": "0.362", "size": "250"}, {"price": "0.363", "size": "9.44"}, {"price": "0.4", "size": "134.23"}, {"price": "0.403", "size": "5"}, {"price": "0.404", "size": "8.48"}, {"price": "0.458", "size": "7.48"}, {"price": "0.459", "size": "8.04"}, {"price": "0.6", "size": "35.71"}, {"price": "0.601", "size": "5.7"}, {"price": "0.83", "size": "100"}, {"price": "0.92", "size": "108.33"}, {"price": "0.966", "size": "500"}, {"price": "0.967", "size": "2000"}, {"price": "0.97", "size": "2953"}, {"price": "0.971", "size": "24.5"}, {"price": "0.972", "size": "367"}, {"price": "0.987", "size": "25"}, {"price": "0.988", "size": "15"}, {"price": "0.989", "size": "5.24"}], "asks": [{"price": "0.999", "size": "12487.06"}, {"price": "0.998", "size": "406.22"}, {"price": "0.997", "size": "345.72"}, {"price": "0.996", "size": "124.73"}, {"price": "0.995", "size": "30"}, {"price": "0.994", "size": "30.63"}, {"price": "0.993", "size": "2.46"}], "event_type": "book", "last_trade_price": "0.007"}, {"market": "0xe9c127a8c35f045d37b5344b0a36711084fa20c2fc1618bf178a5386f90610be", "asset_id": "80230236018433940569996058935444651347308266584430516013229815570706872276819", "timestamp": "1769383984070", "hash": "cb720cb77daf376a35cbbb32a03b052d3e203af8", "bids": [{"price": "0.001", "size": "12487.06"}, {"price": "0.002", "size": "406.22"}, {"price": "0.003", "size": "345.72"}, {"price": "0.004", "size": "124.73"}, {"price": "0.005", "size": "30"}, {"price": "0.006", "size": "30.63"}, {"price": "0.007", "size": "2.46"}], "asks": [{"price": "0.999", "size": "827726.43"}, {"price": "0.998", "size": "1255.1"}, {"price": "0.997", "size": "1400"}, {"price": "0.996", "size": "9.87"}, {"price": "0.994", "size": "200"}, {"price": "0.99", "size": "2000"}, {"price": "0.989", "size": "10.62"}, {"price": "0.98", "size": "1000"}, {"price": "0.979", "size": "5000"}, {"price": "0.978", "size": "167.83"}, {"price": "0.97", "size": "300"}, {"price": "0.968", "size": "5200"}, {"price": "0.963", "size": "92.66"}, {"price": "0.961", "size": "94.67"}, {"price": "0.96", "size": "5.8"}, {"price": "0.95", "size": "30"}, {"price": "0.949", "size": "39"}, {"price": "0.94", "size": "500"}, {"price": "0.938", "size": "55.29"}, {"price": "0.937", "size": "58.6"}, {"price": "0.9", "size": "560"}, {"price": "0.899", "size": "33.94"}, {"price": "0.897", "size": "35.84"}, {"price": "0.896", "size": "5.73"}, {"price": "0.877", "size": "27.87"}, {"price": "0.876", "size": "29.77"}, {"price": "0.85", "size": "776.66"}, {"price": "0.849", "size": "24.45"}, {"price": "0.829", "size": "21.59"}, {"price": "0.828", "size": "19.93"}, {"price": "0.827", "size": "21.34"}, {"price": "0.8", "size": "660"}, {"price": "0.799", "size": "35.41"}, {"price": "0.75", "size": "362"}, {"price": "0.749", "size": "28.36"}, {"price": "0.7", "size": "198.96"}, {"price": "0.699", "size": "11.39"}, {"price": "0.65", "size": "68.57"}, {"price": "0.649", "size": "9.76"}, {"price": "0.64", "size": "38.54"}, {"price": "0.639", "size": "7050"}, {"price": "0.638", "size": "250"}, {"price": "0.637", "size": "9.44"}, {"price": "0.6", "size": "134.23"}, {"price": "0.597", "size": "5"}, {"price": "0.596", "size": "8.48"}, {"price": "0.542", "size": "7.48"}, {"price": "0.541", "size": "8.04"}, {"price": "0.4", "size": "35.71"}, {"price": "0.399", "size": "5.7"}, {"price": "0.17", "size": "100"}, {"price": "0.08", "size": "108.33"}, {"price": "0.034", "size": "500"}, {"price": "0.033", "size": "2000"}, {"price": "0.03", "size": "2953"}, {"price": "0.029", "size": "24.5"}, {"price": "0.028", "size": "367"}, {"price": "0.013", "size": "25"}, {"price": "0.012", "size": "15"}, {"price": "0.011", "size": "5.24"}], "event_type": "book", "last_trade_price": "0.007"}]}
{"_local_timestamp": "2026-01-25T23:33:18.183584+00:00", "data": {"market": "0xe9c127a8c35f045d37b5344b0a36711084fa20c2fc1618bf178a5386f90610be", "price_changes": [{"asset_id": "107000426448217931795450451304515386602910396776318075817601265223856116134349", "price": "0.4", "size": "125", "side": "BUY", "hash": "48db3c32f71b33680936d2e9ea8dd3b44adcf0f4", "best_bid": "0.989", "best_ask": "0.993"}, {"asset_id": "80230236018433940569996058935444651347308266584430516013229815570706872276819", "price": "0.6", "size": "125", "side": "SELL", "hash": "f991009c4109f4a85a9abab0b25b9a150e1d091b", "best_bid": "0.007", "best_ask": "0.011"}], "timestamp": "1769383998109", "event_type": "price_change"}}
{"_local_timestamp": "2026-01-25T23:33:18.403867+00:00", "data": {"market": "0xe9c127a8c35f045d37b5344b0a36711084fa20c2fc1618bf178a5386f90610be", "price_changes": [{"asset_id": "107000426448217931795450451304515386602910396776318075817601265223856116134349", "price": "0.3", "size": "186.66", "side": "BUY", "hash": "b7403b69ad3346bdbba1a7e389a1e0ddc4f77931", "best_bid": "0.989", "best_ask": "0.993"}, {"asset_id": "80230236018433940569996058935444651347308266584430516013229815570706872276819", "price": "0.7", "size": "186.66", "side": "SELL", "hash": "3ff5f20036bbc059504a5071e57959029921a734", "best_bid": "0.007", "best_ask": "0.011"}], "timestamp": "1769383998324", "event_type": "price_change"}}
{"_local_timestamp": "2026-01-25T23:33:18.572406+00:00", "data": {"market": "0xe9c127a8c35f045d37b5344b0a36711084fa20c2fc1618bf178a5386f90610be", "price_changes": [{"asset_id": "107000426448217931795450451304515386602910396776318075817601265223856116134349", "price": "0.103", "size": "0", "side": "BUY", "hash": "55b408f77f7ca601d53c47da909630440c6189e1", "best_bid": "0.989", "best_ask": "0.993"}, {"asset_id": "80230236018433940569996058935444651347308266584430516013229815570706872276819", "price": "0.897", "size": "0", "side": "SELL", "hash": "5f19bbbd94c82fdeb9331768becc5b2902035bb1", "best_bid": "0.007", "best_ask": "0.011"}], "timestamp": "1769383998504", "event_type": "price_change"}}
{"_local_timestamp": "2026-01-25T23:33:18.753508+00:00", "data": {"market": "0xe9c127a8c35f045d37b5344b0a36711084fa20c2fc1618bf178a5386f90610be", "price_changes": [{"asset_id": "107000426448217931795450451304515386602910396776318075817601265223856116134349", "price": "0.039", "size": "0", "side": "BUY", "hash": "f8594b4d6bb4941d303784baa4dde14156dd9ab7", "best_bid": "0.989", "best_ask": "0.993"}, {"asset_id": "80230236018433940569996058935444651347308266584430516013229815570706872276819", "price": "0.961", "size": "0", "side": "SELL", "hash": "14c7a00b5740ae277f4664e306f42e2fb7e323e0", "best_bid": "0.007", "best_ask": "0.011"}], "timestamp": "1769383998678", "event_type": "price_change"}}
{"_local_timestamp": "2026-01-25T23:33:18.950494+00:00", "data": {"market": "0xe9c127a8c35f045d37b5344b0a36711084fa20c2fc1618bf178a5386f90610be", "price_changes": [{"asset_id": "107000426448217931795450451304515386602910396776318075817601265223856116134349", "price": "0.022", "size": "0", "side": "BUY", "hash": "c23c2d6c2f65e45ef5d689d3fdda86fda1259df0", "best_bid": "0.989", "best_ask": "0.993"}, {"asset_id": "80230236018433940569996058935444651347308266584430516013229815570706872276819", "price": "0.978", "size": "0", "side": "SELL", "hash": "65609d1547b69397af7db46e0cd4a74f84449325", "best_bid": "0.007", "best_ask": "0.011"}], "timestamp": "1769383998881", "event_type": "price_change"}}
{"_local_timestamp": "2026-01-25T23:33:19.149027+00:00", "data": {"market": "0xe9c127a8c35f045d37b5344b0a36711084fa20c2fc1618bf178a5386f90610be", "price_changes": [{"asset_id": "107000426448217931795450451304515386602910396776318075817601265223856116134349", "price": "0.022", "size": "181.81", "side": "BUY", "hash": "783add415e8c3f5d3519aa655fcbad53bf736122", "best_bid": "0.989", "best_ask": "0.993"}, {"asset_id": "80230236018433940569996058935444651347308266584430516013229815570706872276819", "price": "0.978", "size": "181.81", "side": "SELL", "hash": "0eb0171340bbfc3fe8831b885d54a7c3a1411b04", "best_bid": "0.007", "best_ask": "0.011"}], "timestamp": "1769383999068", "event_type": "price_change"}}
{"_local_timestamp": "2026-01-25T23:33:19.335405+00:00", "data": {"market": "0xe9c127a8c35f045d37b5344b0a36711084fa20c2fc1618bf178a5386f90610be", "price_changes": [{"asset_id": "107000426448217931795450451304515386602910396776318075817601265223856116134349", "price": "0.041", "size": "97.56", "side": "BUY", "hash": "c07668bb30d8a7b22ef61edd0230d4afa6b4cf10", "best_bid": "0.989", "best_ask": "0.993"}, {"asset_id": "80230236018433940569996058935444651347308266584430516013229815570706872276819", "price": "0.959", "size": "97.56", "side": "SELL", "hash": "395d888856077a6c29001dd8a8bf986f4911daa0", "best_bid": "0.007", "best_ask": "0.011"}], "timestamp": "1769383999266", "event_type": "price_change"}}
{"_local_timestamp": "2026-01-25T23:33:19.526006+00:00", "data": {"market": "0xe9c127a8c35f045d37b5344b0a36711084fa20c2fc1618bf178a5386f90610be", "price_changes": [{"asset_id": "107000426448217931795450451304515386602910396776318075817601265223856116134349", "price": "0.063", "size": "0", "side": "BUY", "hash": "50ad37aacf52e085b439e9cb9afa6cfcefd348da", "best_bid": "0.989", "best_ask": "0.993"}, {"asset_id": "80230236018433940569996058935444651347308266584430516013229815570706872276819", "price": "0.937", "size": "0", "side": "SELL", "hash": "2bea573e4316c65ecde41c79c7e61977d474f671", "best_bid": "0.007", "best_ask": "0.011"}], "timestamp": "1769383999458", "event_type": "price_change"}}
{"_local_timestamp": "2026-01-25T23:33:19.716049+00:00", "data": {"market": "0xe9c127a8c35f045d37b5344b0a36711084fa20c2fc1618bf178a5386f90610be", "price_changes": [{"asset_id": "107000426448217931795450451304515386602910396776318075817601265223856116134349", "price": "0.063", "size": "63.49", "side": "BUY", "hash": "ad0261748dc67891b89529d2eb9440ee07b8d217", "best_bid": "0.989", "best_ask": "0.993"}, {"asset_id": "80230236018433940569996058935444651347308266584430516013229815570706872276819", "price": "0.937", "size": "63.49", "side": "SELL", "hash": "9b57aeee152199ee84c3509248822e29777b0f9a", "best_bid": "0.007", "best_ask": "0.011"}], "timestamp": "1769383999641", "event_type": "price_change"}}
{"_local_timestamp": "2026-01-25T23:33:19.900427+00:00", "data": {"market": "0xe9c127a8c35f045d37b5344b0a36711084fa20c2fc1618bf178a5386f90610be", "price_changes": [{"asset_id": "107000426448217931795450451304515386602910396776318075817601265223856116134349", "price": "0.105", "size": "38.09", "side": "BUY", "hash": "7b4bf6c3ba8ee81eafa0447bd1b8019a4fdbe7c7", "best_bid": "0.989", "best_ask": "0.993"}, {"asset_id": "80230236018433940569996058935444651347308266584430516013229815570706872276819", "price": "0.895", "size": "38.09", "side": "SELL", "hash": "3c64a853b4ac178440b32f10b9ae204bcd5e8485", "best_bid": "0.007", "best_ask": "0.011"}], "timestamp": "1769383999828", "event_type": "price_change"}}
{"_local_timestamp": "2026-01-25T23:33:20.093114+00:00", "data": {"market": "0xe9c127a8c35f045d37b5344b0a36711084fa20c2fc1618bf178a5386f90610be", "price_changes": [{"asset_id": "107000426448217931795450451304515386602910396776318075817601265223856116134349", "price": "0.124", "size": "0", "side": "BUY", "hash": "ca3746866737a1a950433a9e1111836c6d4a98f7", "best_bid": "0.989", "best_ask": "0.993"}, {"asset_id": "80230236018433940569996058935444651347308266584430516013229815570706872276819", "price": "0.876", "size": "0", "side": "SELL", "hash": "cdcc174e2e5c2e43e2dda64507c9b0d53d525827", "best_bid": "0.007", "best_ask": "0.011"}], "timestamp": "1769384000020", "event_type": "price_change"}}
{"_local_timestamp": "2026-01-25T23:33:20.281153+00:00", "data": {"market": "0xe9c127a8c35f045d37b5344b0a36711084fa20c2fc1618bf178a5386f90610be", "price_changes": [{"asset_id": "107000426448217931795450451304515386602910396776318075817601265223856116134349", "price": "0.124", "size": "32.25", "side": "BUY", "hash": "c7eaa09849b4502f0ed40da08f6338609caa6fd4", "best_bid": "0.989", "best_ask": "0.993"}, {"asset_id": "80230236018433940569996058935444651347308266584430516013229815570706872276819", "price": "0.876", "size": "32.25", "side": "SELL", "hash": "106dcb10e9fb9b46fb6773461aa5053fe019463b", "best_bid": "0.007", "best_ask": "0.011"}], "timestamp": "1769384000211", "event_type": "price_change"}}
{"_local_timestamp": "2026-01-25T23:33:20.455654+00:00", "data": {"market": "0xe9c127a8c35f045d37b5344b0a36711084fa20c2fc1618bf178a5386f90610be", "price_changes": [{"asset_id": "107000426448217931795450451304515386602910396776318075817601265223856116134349", "price": "0.151", "size": "0", "side": "BUY", "hash": "b0f4bc9054b5efbaed21a8e17e35ca158f5086a1", "best_bid": "0.989", "best_ask": "0.993"}, {"asset_id": "80230236018433940569996058935444651347308266584430516013229815570706872276819", "price": "0.849", "size": "0", "side": "SELL", "hash": "3a834dbe3c6297363225c9b9536e9121f162fd42", "best_bid": "0.007", "best_ask": "0.011"}], "timestamp": "1769384000388", "event_type": "price_change"}}
{"_local_timestamp": "2026-01-25T23:33:20.676326+00:00", "data": {"market": "0xe9c127a8c35f045d37b5344b0a36711084fa20c2fc1618bf178a5386f90610be", "price_changes": [{"asset_id": "107000426448217931795450451304515386602910396776318075817601265223856116134349", "price": "0.151", "size": "26.49", "side": "BUY", "hash": "9bd441f40d678acc09f85399e4b0c798903af0d9", "best_bid": "0.989", "best_ask": "0.993"}, {"asset_id": "80230236018433940569996058935444651347308266584430516013229815570706872276819", "price": "0.849", "size": "26.49", "side": "SELL", "hash": "5acfc0ef1814036f68199e0c12c909fa451ca541", "best_bid": "0.007", "best_ask": "0.011"}], "timestamp": "1769384000605", "event_type": "price_change"}}
{"_local_timestamp": "2026-01-25T23:33:20.869695+00:00", "data": {"market": "0xe9c127a8c35f045d37b5344b0a36711084fa20c2fc1618bf178a5386f90610be", "price_changes": [{"asset_id": "107000426448217931795450451304515386602910396776318075817601265223856116134349", "price": "0.171", "size": "0", "side": "BUY", "hash": "104eac37f743ccf1d05a2f5d974ce8d435c71ac3", "best_bid": "0.989", "best_ask": "0.993"}, {"asset_id": "80230236018433940569996058935444651347308266584430516013229815570706872276819", "price": "0.829", "size": "0", "side": "SELL", "hash": "5147464a2ecc19e6e72dca28c088adcefe555636", "best_bid": "0.007", "best_ask": "0.011"}], "timestamp": "1769384000805", "event_type": "price_change"}}
{"_local_timestamp": "2026-01-25T23:33:21.058847+00:00", "data": {"market": "0xe9c127a8c35f045d37b5344b0a36711084fa20c2fc1618bf178a5386f90610be", "price_changes": [{"asset_id": "107000426448217931795450451304515386602910396776318075817601265223856116134349", "price": "0.171", "size": "23.39", "side": "BUY", "hash": "66012e944718f04cbd0694abb6ecac3232819217", "best_bid": "0.989", "best_ask": "0.993"}, {"asset_id": "80230236018433940569996058935444651347308266584430516013229815570706872276819", "price": "0.829", "size": "23.39", "side": "SELL", "hash": "a1fbcce406dff2d4440577cdccf885953797bb15", "best_bid": "0.007", "best_ask": "0.011"}], "timestamp": "1769384000992", "event_type": "price_change"}}
{"_local_timestamp": "2026-01-25T23:33:21.233256+00:00", "data": {"market": "0xe9c127a8c35f045d37b5344b0a36711084fa20c2fc1618bf178a5386f90610be", "price_changes": [{"asset_id": "107000426448217931795450451304515386602910396776318075817601265223856116134349", "price": "0.173", "size": "0", "side": "BUY", "hash": "63db41a4d45c7f2b07611e2e586f6021d9567477", "best_bid": "0.989", "best_ask": "0.993"}, {"asset_id": "80230236018433940569996058935444651347308266584430516013229815570706872276819", "price": "0.827", "size": "0", "side": "SELL", "hash": "426274405aadd47574949166a2ff6fc8dfe95786", "best_bid": "0.007", "best_ask": "0.011"}], "timestamp": "1769384001166", "event_type": "price_change"}}
{"_local_timestamp": "2026-01-25T23:33:21.432898+00:00", "data": {"market": "0xe9c127a8c35f045d37b5344b0a36711084fa20c2fc1618bf178a5386f90610be", "price_changes": [{"asset_id": "107000426448217931795450451304515386602910396776318075817601265223856116134349", "price": "0.173", "size": "23.12", "side": "BUY", "hash": "bd24876c84d13809f1f72a0132ef9bcb4157afa9", "best_bid": "0.989", "best_ask": "0.993"}, {"asset_id": "80230236018433940569996058935444651347308266584430516013229815570706872276819", "price": "0.827", "size": "23.12", "side": "SELL", "hash": "247d64efa952d1376ce1e96d885e774f0e4b8970", "best_bid": "0.007", "best_ask": "0.011"}], "timestamp": "1769384001366", "event_type": "price_change"}}
{"_local_timestamp": "2026-01-25T23:33:21.613190+00:00", "data": {"market": "0xe9c127a8c35f045d37b5344b0a36711084fa20c2fc1618bf178a5386f90610be", "price_changes": [{"asset_id": "107000426448217931795450451304515386602910396776318075817601265223856116134349", "price": "0.201", "size": "17.05", "side": "BUY", "hash": "eace2083551a8e58adbdb228d9e5e29c7deab9bd", "best_bid": "0.989", "best_ask": "0.993"}, {"asset_id": "80230236018433940569996058935444651347308266584430516013229815570706872276819", "price": "0.799", "size": "17.05", "side": "SELL", "hash": "bca9b25c3238e2ad9def979ee4e229b179cedee0", "best_bid": "0.007", "best_ask": "0.011"}], "timestamp": "1769384001537", "event_type": "price_change"}}
{"_local_timestamp": "2026-01-25T23:33:21.808723+00:00", "data": {"market": "0xe9c127a8c35f045d37b5344b0a36711084fa20c2fc1618bf178a5386f90610be", "price_changes": [{"asset_id": "107000426448217931795450451304515386602910396776318075817601265223856116134349", "price": "0.201", "size": "36.95", "side": "BUY", "hash": "f5ecf1ad141540b22bafc4b057551c4cb2481182", "best_bid": "0.989", "best_ask": "0.993"}, {"asset_id": "80230236018433940569996058935444651347308266584430516013229815570706872276819", "price": "0.799", "size": "36.95", "side": "SELL", "hash": "75d3f4b6991a67ae3ed755f51b266bf7f7c12674", "best_bid": "0.007", "best_ask": "0.011"}], "timestamp": "1769384001738", "event_type": "price_change"}}
{"_local_timestamp": "2026-01-25T23:33:22.022103+00:00", "data": {"market": "0xe9c127a8c35f045d37b5344b0a36711084fa20c2fc1618bf178a5386f90610be", "price_changes": [{"asset_id": "107000426448217931795450451304515386602910396776318075817601265223856116134349", "price": "0.251", "size": "13.65", "side": "BUY", "hash": "5ad0ac3b99bc860b3b566f54c3e1868c81b3d27c", "best_bid": "0.989", "best_ask": "0.993"}, {"asset_id": "80230236018433940569996058935444651347308266584430516013229815570706872276819", "price": "0.749", "size": "13.65", "side": "SELL", "hash": "f3778864eead67569fe938d9270aa9b21f90ee98", "best_bid": "0.007", "best_ask": "0.011"}], "timestamp": "1769384001920", "event_type": "price_change"}}
{"_local_timestamp": "2026-01-25T23:33:22.177787+00:00", "data": {"market": "0xe9c127a8c35f045d37b5344b0a36711084fa20c2fc1618bf178a5386f90610be", "price_changes": [{"asset_id": "107000426448217931795450451304515386602910396776318075817601265223856116134349", "price": "0.251", "size": "29.58", "side": "BUY", "hash": "f3a659f487c835b94d7124817fe296917995b94f", "best_bid": "0.989", "best_ask": "0.993"}, {"asset_id": "80230236018433940569996058935444651347308266584430516013229815570706872276819", "price": "0.749", "size": "29.58", "side": "SELL", "hash": "aef2880564f537a5242ab1eee106a8bcb5128981", "best_bid": "0.007", "best_ask": "0.011"}], "timestamp": "1769384002107", "event_type": "price_change"}}
{"_local_timestamp": "2026-01-25T23:33:22.378509+00:00", "data": {"market": "0xe9c127a8c35f045d37b5344b0a36711084fa20c2fc1618bf178a5386f90610be", "price_changes": [{"asset_id": "107000426448217931795450451304515386602910396776318075817601265223856116134349", "price": "0.364", "size": "10.98", "side": "BUY", "hash": "bb682c20cbad6386ca91aee627ed09a42c15b0bd", "best_bid": "0.989", "best_ask": "0.993"}, {"asset_id": "80230236018433940569996058935444651347308266584430516013229815570706872276819", "price": "0.636", "size": "10.98", "side": "SELL", "hash": "faa353c82a6796df05e6ba1ed4509ed68e75b06e", "best_bid": "0.007", "best_ask": "0.011"}], "timestamp": "1769384002311", "event_type": "price_change"}}
{"_local_timestamp": "2026-01-25T23:33:22.595489+00:00", "data": {"market": "0xe9c127a8c35f045d37b5344b0a36711084fa20c2fc1618bf178a5386f90610be", "price_changes": [{"asset_id": "107000426448217931795450451304515386602910396776318075817601265223856116134349", "price": "0.459", "size": "0", "side": "BUY", "hash": "0ebe64e1d555ac141653d379a1a9b8d40b99dcae", "best_bid": "0.989", "best_ask": "0.993"}, {"asset_id": "80230236018433940569996058935444651347308266584430516013229815570706872276819", "price": "0.541", "size": "0", "side": "SELL", "hash": "e39e59703d160184c1596dde9afc41eb2bad2600", "best_bid": "0.007", "best_ask": "0.011"}], "timestamp": "1769384002515", "event_type": "price_change"}}
{"_local_timestamp": "2026-01-25T23:33:22.813419+00:00", "data": {"market": "0xe9c127a8c35f045d37b5344b0a36711084fa20c2fc1618bf178a5386f90610be", "price_changes": [{"asset_id": "107000426448217931795450451304515386602910396776318075817601265223856116134349", "price": "0.459", "size": "8.71", "side": "BUY", "hash": "b0ef60cb8d00c0a6400f55906b55cd5bb2c823e5", "best_bid": "0.989", "best_ask": "0.993"}, {"asset_id": "80230236018433940569996058935444651347308266584430516013229815570706872276819", "price": "0.541", "size": "8.71", "side": "SELL", "hash": "ed844eb6afcd2787ae437b56022d70762c72d2fd", "best_bid": "0.007", "best_ask": "0.011"}], "timestamp": "1769384002712", "event_type": "price_change"}}
{"_local_timestamp": "2026-01-25T23:33:33.857895+00:00", "data": {"market": "0xe9c127a8c35f045d37b5344b0a36711084fa20c2fc1618bf178a5386f90610be", "price_changes": [{"asset_id": "107000426448217931795450451304515386602910396776318075817601265223856116134349", "price": "0.6", "size": "5.71", "side": "BUY", "hash": "2f3ddfe7b4c3be36a33cecde4a33109ecc843c82", "best_bid": "0.989", "best_ask": "0.993"}, {"asset_id": "80230236018433940569996058935444651347308266584430516013229815570706872276819", "price": "0.4", "size": "5.71", "side": "SELL", "hash": "3497561c33ed6f9d6992283e3006b7eeac349927", "best_bid": "0.007", "best_ask": "0.011"}], "timestamp": "1769384013771", "event_type": "price_change"}}
{"_local_timestamp": "2026-01-25T23:33:35.918833+00:00", "data": {"market": "0xe9c127a8c35f045d37b5344b0a36711084fa20c2fc1618bf178a5386f90610be", "price_changes": [{"asset_id": "107000426448217931795450451304515386602910396776318075817601265223856116134349", "price": "0.6", "size": "35.71", "side": "BUY", "hash": "c7873215245bf472ddfb130e19b6881703bd1665", "best_bid": "0.989", "best_ask": "0.993"}, {"asset_id": "80230236018433940569996058935444651347308266584430516013229815570706872276819", "price": "0.4", "size": "35.71", "side": "SELL", "hash": "018f774482e73402a9a1dff1d1045d62ada6538c", "best_bid": "0.007", "best_ask": "0.011"}], "timestamp": "1769384015850", "event_type": "price_change"}}
{"_local_timestamp": "2026-01-25T23:33:48.288131+00:00", "data": {"market": "0xe9c127a8c35f045d37b5344b0a36711084fa20c2fc1618bf178a5386f90610be", "price_changes": [{"asset_id": "80230236018433940569996058935444651347308266584430516013229815570706872276819", "price": "0.003", "size": "329.82", "side": "BUY", "hash": "552e9b0eadfa017e196a22d385b73188c7bd71dd", "best_bid": "0.007", "best_ask": "0.011"}, {"asset_id": "107000426448217931795450451304515386602910396776318075817601265223856116134349", "price": "0.997", "size": "329.82", "side": "SELL", "hash": "1f5b8b19ae2be457e15e73fab8569c1749cf442a", "best_bid": "0.989", "best_ask": "0.993"}], "timestamp": "1769384028206", "event_type": "price_change"}}
{"_local_timestamp": "2026-01-25T23:33:48.289091+00:00", "data": {"market": "0xe9c127a8c35f045d37b5344b0a36711084fa20c2fc1618bf178a5386f90610be", "price_changes": [{"asset_id": "80230236018433940569996058935444651347308266584430516013229815570706872276819", "price": "0.004", "size": "42.03", "side": "BUY", "hash": "552e9b0eadfa017e196a22d385b73188c7bd71dd", "best_bid": "0.007", "best_ask": "0.011"}, {"asset_id": "107000426448217931795450451304515386602910396776318075817601265223856116134349", "price": "0.996", "size": "42.03", "side": "SELL", "hash": "1f5b8b19ae2be457e15e73fab8569c1749cf442a", "best_bid": "0.989", "best_ask": "0.993"}], "timestamp": "1769384028206", "event_type": "price_change"}}
{"_local_timestamp": "2026-01-25T23:33:48.289453+00:00", "data": {"market": "0xe9c127a8c35f045d37b5344b0a36711084fa20c2fc1618bf178a5386f90610be", "price_changes": [{"asset_id": "80230236018433940569996058935444651347308266584430516013229815570706872276819", "price": "0.006", "size": "0", "side": "BUY", "hash": "552e9b0eadfa017e196a22d385b73188c7bd71dd", "best_bid": "0.007", "best_ask": "0.011"}, {"asset_id": "107000426448217931795450451304515386602910396776318075817601265223856116134349", "price": "0.994", "size": "0", "side": "SELL", "hash": "1f5b8b19ae2be457e15e73fab8569c1749cf442a", "best_bid": "0.989", "best_ask": "0.993"}], "timestamp": "1769384028206", "event_type": "price_change"}}
{"_local_timestamp": "2026-01-25T23:33:49.008364+00:00", "data": {"market": "0xe9c127a8c35f045d37b5344b0a36711084fa20c2fc1618bf178a5386f90610be", "price_changes": [{"asset_id": "107000426448217931795450451304515386602910396776318075817601265223856116134349", "price": "0.995", "size": "0", "side": "SELL", "hash": "12178e7d57bd0635faf7f17b1c0ff5639fc9c9ac", "best_bid": "0.989", "best_ask": "0.993"}, {"asset_id": "80230236018433940569996058935444651347308266584430516013229815570706872276819", "price": "0.005", "size": "0", "side": "BUY", "hash": "36e162e13d38e914e3ea551ae034087222a05628", "best_bid": "0.007", "best_ask": "0.011"}], "timestamp": "1769384028935", "event_type": "price_change"}}
{"_local_timestamp": "2026-01-25T23:33:49.247181+00:00", "data": {"market": "0xe9c127a8c35f045d37b5344b0a36711084fa20c2fc1618bf178a5386f90610be", "price_changes": [{"asset_id": "107000426448217931795450451304515386602910396776318075817601265223856116134349", "price": "0.996", "size": "72.03", "side": "SELL", "hash": "acfa0ba2b3e9cb6550b2f5bc1990631c5a84f52b", "best_bid": "0.989", "best_ask": "0.993"}, {"asset_id": "80230236018433940569996058935444651347308266584430516013229815570706872276819", "price": "0.004", "size": "72.03", "side": "BUY", "hash": "480b1ac78bd39523bf09fcb2ea677065b6e05851", "best_bid": "0.007", "best_ask": "0.011"}], "timestamp": "1769384029175", "event_type": "price_change"}}
{"_local_timestamp": "2026-01-25T23:33:52.137208+00:00", "data": {"market": "0xe9c127a8c35f045d37b5344b0a36711084fa20c2fc1618bf178a5386f90610be", "price_changes": [{"asset_id": "80230236018433940569996058935444651347308266584430516013229815570706872276819", "price": "0.003", "size": "344.68", "side": "BUY", "hash": "93fd07d5c72fb2e66a9c8bf951573e0c6df6c551", "best_bid": "0.007", "best_ask": "0.011"}, {"asset_id": "107000426448217931795450451304515386602910396776318075817601265223856116134349", "price": "0.997", "size": "344.68", "side": "SELL", "hash": "d0d57d312e5839e0e7dcb4d96621ff79e9119ad5", "best_bid": "0.989", "best_ask": "0.993"}], "timestamp": "1769384032062", "event_type": "price_change"}}
{"_local_timestamp": "2026-01-25T23:33:52.137881+00:00", "data": {"market": "0xe9c127a8c35f045d37b5344b0a36711084fa20c2fc1618bf178a5386f90610be", "price_changes": [{"asset_id": "80230236018433940569996058935444651347308266584430516013229815570706872276819", "price": "0.005", "size": "31.03", "side": "BUY", "hash": "131693c13011f7b4d3138f7de0df2217122204ec", "best_bid": "0.007", "best_ask": "0.011"}, {"asset_id": "107000426448217931795450451304515386602910396776318075817601265223856116134349", "price": "0.995", "size": "31.03", "side": "SELL", "hash": "450da4eed4bf4fd5af0d35a6564b4187d86d08f4", "best_bid": "0.989", "best_ask": "0.993"}], "timestamp": "1769384032067", "event_type": "price_change"}}
{"_local_timestamp": "2026-01-25T23:33:52.139405+00:00", "data": {"market": "0xe9c127a8c35f045d37b5344b0a36711084fa20c2fc1618bf178a5386f90610be", "price_changes": [{"asset_id": "80230236018433940569996058935444651347308266584430516013229815570706872276819", "price": "0.006", "size": "28.63", "side": "BUY", "hash": "3414c7e74032ec1dbd02d432251bfa014b4b2321", "best_bid": "0.007", "best_ask": "0.011"}, {"asset_id": "107000426448217931795450451304515386602910396776318075817601265223856116134349", "price": "0.994", "size": "28.63", "side": "SELL", "hash": "a8e02ef05bf19c94c8629ab04e64e1d0e2b3cc11", "best_bid": "0.989", "best_ask": "0.993"}], "timestamp": "1769384032071", "event_type": "price_change"}}
{"_local_timestamp": "2026-01-25T23:33:52.142703+00:00", "data": {"market": "0xe9c127a8c35f045d37b5344b0a36711084fa20c2fc1618bf178a5386f90610be", "price_changes": [{"asset_id": "80230236018433940569996058935444651347308266584430516013229815570706872276819", "price": "0.007", "size": "29.7", "side": "BUY", "hash": "4f15c168374d304df7700022da90cccdbfa5f9c2", "best_bid": "0.007", "best_ask": "0.011"}, {"asset_id": "107000426448217931795450451304515386602910396776318075817601265223856116134349", "price": "0.993", "size": "29.7", "side": "SELL", "hash": "1cd71f3431e640dfb6f665512d2dd53ffb0fd57d", "best_bid": "0.989", "best_ask": "0.993"}], "timestamp": "1769384032074", "event_type": "price_change"}}
{"_local_timestamp": "2026-01-25T23:34:07.838284+00:00", "data": {"market": "0xe9c127a8c35f045d37b5344b0a36711084fa20c2fc1618bf178a5386f90610be", "price_changes": [{"asset_id": "107000426448217931795450451304515386602910396776318075817601265223856116134349", "price": "0.601", "size": "0", "side": "BUY", "hash": "9fd18bbc77604c9fee424bf1cb5754e1adf27b85", "best_bid": "0.989", "best_ask": "0.993"}, {"asset_id": "80230236018433940569996058935444651347308266584430516013229815570706872276819", "price": "0.399", "size": "0", "side": "SELL", "hash": "99e4e0957e26ee116d37920c997c9ca1ae5f0804", "best_bid": "0.007", "best_ask": "0.011"}], "timestamp": "1769384047760", "event_type": "price_change"}}
{"_local_timestamp": "2026-01-25T23:34:08.036023+00:00", "data": {"market": "0xe9c127a8c35f045d37b5344b0a36711084fa20c2fc1618bf178a5386f90610be", "price_changes": [{"asset_id": "107000426448217931795450451304515386602910396776318075817601265223856116134349", "price": "0.6", "size": "30", "side": "BUY", "hash": "9345b62e264719f7d219399788466023a3ff06e1", "best_bid": "0.989", "best_ask": "0.993"}, {"asset_id": "80230236018433940569996058935444651347308266584430516013229815570706872276819", "price": "0.4", "size": "30", "side": "SELL", "hash": "e6188c71e41149b971c9ecaee07600e02a3a0266", "best_bid": "0.007", "best_ask": "0.011"}], "timestamp": "1769384047963", "event_type": "price_change"}}
{"_local_timestamp": "2026-01-25T23:34:08.235248+00:00", "data": {"market": "0xe9c127a8c35f045d37b5344b0a36711084fa20c2fc1618bf178a5386f90610be", "price_changes": [{"asset_id": "107000426448217931795450451304515386602910396776318075817601265223856116134349", "price": "0.458", "size": "0", "side": "BUY", "hash": "e5b7afc24a1fef6940044c63022a24199b79bf60", "best_bid": "0.989", "best_ask": "0.993"}, {"asset_id": "80230236018433940569996058935444651347308266584430516013229815570706872276819", "price": "0.542", "size": "0", "side": "SELL", "hash": "177b253818a7e4ddf48c6327031fadb0d8633ca1", "best_bid": "0.007", "best_ask": "0.011"}], "timestamp": "1769384048152", "event_type": "price_change"}}
{"_local_timestamp": "2026-01-25T23:34:08.407510+00:00", "data": {"market": "0xe9c127a8c35f045d37b5344b0a36711084fa20c2fc1618bf178a5386f90610be", "price_changes": [{"asset_id": "107000426448217931795450451304515386602910396776318075817601265223856116134349", "price": "0.363", "size": "0", "side": "BUY", "hash": "71433a92de3656ece1419469e89b94b41120a7b3", "best_bid": "0.989", "best_ask": "0.993"}, {"asset_id": "80230236018433940569996058935444651347308266584430516013229815570706872276819", "price": "0.637", "size": "0", "side": "SELL", "hash": "6d3ae2cbe981790cc87ae587436d593183e2fbe7", "best_bid": "0.007", "best_ask": "0.011"}], "timestamp": "1769384048338", "event_type": "price_change"}}
{"_local_timestamp": "2026-01-25T23:34:08.589418+00:00", "data": {"market": "0xe9c127a8c35f045d37b5344b0a36711084fa20c2fc1618bf178a5386f90610be", "price_changes": [{"asset_id": "107000426448217931795450451304515386602910396776318075817601265223856116134349", "price": "0.172", "size": "0", "side": "BUY", "hash": "25e8082d325ab895bb338ec6411728eeca28157f", "best_bid": "0.989", "best_ask": "0.993"}, {"asset_id": "80230236018433940569996058935444651347308266584430516013229815570706872276819", "price": "0.828", "size": "0", "side": "SELL", "hash": "79f70a4797a509354ad08c87fff82f8fa3bf679a", "best_bid": "0.007", "best_ask": "0.011"}], "timestamp": "1769384048524", "event_type": "price_change"}}
{"_local_timestamp": "2026-01-25T23:34:08.827574+00:00", "data": {"market": "0xe9c127a8c35f045d37b5344b0a36711084fa20c2fc1618bf178a5386f90610be", "price_changes": [{"asset_id": "107000426448217931795450451304515386602910396776318075817601265223856116134349", "price": "0.123", "size": "0", "side": "BUY", "hash": "12e16c983da1775c1dbc6be1fb5c6d17b05d59cf", "best_bid": "0.989", "best_ask": "0.993"}, {"asset_id": "80230236018433940569996058935444651347308266584430516013229815570706872276819", "price": "0.877", "size": "0", "side": "SELL", "hash": "53ba2245b163617655b2407397b42d7a6f806fcf", "best_bid": "0.007", "best_ask": "0.011"}], "timestamp": "1769384048707", "event_type": "price_change"}}
{"_local_timestamp": "2026-01-25T23:34:08.979701+00:00", "data": {"market": "0xe9c127a8c35f045d37b5344b0a36711084fa20c2fc1618bf178a5386f90610be", "price_changes": [{"asset_id": "107000426448217931795450451304515386602910396776318075817601265223856116134349", "price": "0.101", "size": "0", "side": "BUY", "hash": "0fe7fe97bfeeafeaf4f2a6c968418f00f50110ac", "best_bid": "0.989", "best_ask": "0.993"}, {"asset_id": "80230236018433940569996058935444651347308266584430516013229815570706872276819", "price": "0.899", "size": "0", "side": "SELL", "hash": "807609f383004de864048a9c4593b22f9141f608", "best_bid": "0.007", "best_ask": "0.011"}], "timestamp": "1769384048906", "event_type": "price_change"}}
{"_local_timestamp": "2026-01-25T23:34:09.182171+00:00", "data": {"market": "0xe9c127a8c35f045d37b5344b0a36711084fa20c2fc1618bf178a5386f90610be", "price_changes": [{"asset_id": "107000426448217931795450451304515386602910396776318075817601265223856116134349", "price": "0.062", "size": "0", "side": "BUY", "hash": "8598f1c5b1b59733f8985bae7e49b6090e89ed64", "best_bid": "0.989", "best_ask": "0.993"}, {"asset_id": "80230236018433940569996058935444651347308266584430516013229815570706872276819", "price": "0.938", "size": "0", "side": "SELL", "hash": "56dcb93ea3bc7aa3c6f36caf5d512f5019538a0f", "best_bid": "0.007", "best_ask": "0.011"}], "timestamp": "1769384049114", "event_type": "price_change"}}
{"_local_timestamp": "2026-01-25T23:34:09.373526+00:00", "data": {"market": "0xe9c127a8c35f045d37b5344b0a36711084fa20c2fc1618bf178a5386f90610be", "price_changes": [{"asset_id": "107000426448217931795450451304515386602910396776318075817601265223856116134349", "price": "0.037", "size": "0", "side": "BUY", "hash": "e623d7f62f1a05ef62a7f18cdcc0576d177bf49a", "best_bid": "0.989", "best_ask": "0.993"}, {"asset_id": "80230236018433940569996058935444651347308266584430516013229815570706872276819", "price": "0.963", "size": "0", "side": "SELL", "hash": "323d1b448e392a45c337480f707ccf377e42c256", "best_bid": "0.007", "best_ask": "0.011"}], "timestamp": "1769384049302", "event_type": "price_change"}}
{"_local_timestamp": "2026-01-25T23:34:09.573913+00:00", "data": {"market": "0xe9c127a8c35f045d37b5344b0a36711084fa20c2fc1618bf178a5386f90610be", "price_changes": [{"asset_id": "107000426448217931795450451304515386602910396776318075817601265223856116134349", "price": "0.033", "size": "121.21", "side": "BUY", "hash": "0af56e1d2a4098d99138e1a18b47cd6aa3eb6368", "best_bid": "0.989", "best_ask": "0.993"}, {"asset_id": "80230236018433940569996058935444651347308266584430516013229815570706872276819", "price": "0.967", "size": "121.21", "side": "SELL", "hash": "4f28854620b348be74e53db6b6760c7add0ef2d2", "best_bid": "0.007", "best_ask": "0.011"}], "timestamp": "1769384049505", "event_type": "price_change"}}
{"_local_timestamp": "2026-01-25T23:34:09.809262+00:00", "data": {"market": "0xe9c127a8c35f045d37b5344b0a36711084fa20c2fc1618bf178a5386f90610be", "price_changes": [{"asset_id": "107000426448217931795450451304515386602910396776318075817601265223856116134349", "price": "0.064", "size": "62.5", "side": "BUY", "hash": "6d0957eab1ca2bbf750188ca3b0db27b7406ca14", "best_bid": "0.989", "best_ask": "0.993"}, {"asset_id": "80230236018433940569996058935444651347308266584430516013229815570706872276819", "price": "0.936", "size": "62.5", "side": "SELL", "hash": "95f17831707136a8d746b52bc57f533333e3a3f9", "best_bid": "0.007", "best_ask": "0.011"}], "timestamp": "1769384049739", "event_type": "price_change"}}
{"_local_timestamp": "2026-01-25T23:34:10.049883+00:00", "data": {"market": "0xe9c127a8c35f045d37b5344b0a36711084fa20c2fc1618bf178a5386f90610be", "price_changes": [{"asset_id": "107000426448217931795450451304515386602910396776318075817601265223856116134349", "price": "0.106", "size": "37.73", "side": "BUY", "hash": "9cc9b1226fdac17e9b5fc6c35c91b69f4383fbb3", "best_bid": "0.989", "best_ask": "0.993"}, {"asset_id": "80230236018433940569996058935444651347308266584430516013229815570706872276819", "price": "0.894", "size": "37.73", "side": "SELL", "hash": "3dd700f99cf11ccc18ce83d5813f2c82bf9ade47", "best_bid": "0.007", "best_ask": "0.011"}], "timestamp": "1769384049985", "event_type": "price_change"}}
{"_local_timestamp": "2026-01-25T23:34:10.270145+00:00", "data": {"market": "0xe9c127a8c35f045d37b5344b0a36711084fa20c2fc1618bf178a5386f90610be", "price_changes": [{"asset_id": "107000426448217931795450451304515386602910396776318075817601265223856116134349", "price": "0.125", "size": "32", "side": "BUY", "hash": "22b71c6abf7c69c76c3fb1a8c38e30c25d555c80", "best_bid": "0.989", "best_ask": "0.993"}, {"asset_id": "80230236018433940569996058935444651347308266584430516013229815570706872276819", "price": "0.875", "size": "32", "side": "SELL", "hash": "77941856adb5f9663e340ccc157774b9a0f68b81", "best_bid": "0.007", "best_ask": "0.011"}], "timestamp": "1769384050204", "event_type": "price_change"}}
{"_local_timestamp": "2026-01-25T23:34:10.497551+00:00", "data": {"market": "0xe9c127a8c35f045d37b5344b0a36711084fa20c2fc1618bf178a5386f90610be", "price_changes": [{"asset_id": "107000426448217931795450451304515386602910396776318075817601265223856116134349", "price": "0.174", "size": "22.98", "side": "BUY", "hash": "5b19dce6dbcba2490ff1d610d3f1ad237d79182d", "best_bid": "0.989", "best_ask": "0.993"}, {"asset_id": "80230236018433940569996058935444651347308266584430516013229815570706872276819", "price": "0.826", "size": "22.98", "side": "SELL", "hash": "5795777bf8a1099e532676b783555b6ebe05b6a2", "best_bid": "0.007", "best_ask": "0.011"}], "timestamp": "1769384050433", "event_type": "price_change"}}
{"_local_timestamp": "2026-01-25T23:34:10.704947+00:00", "data": {"market": "0xe9c127a8c35f045d37b5344b0a36711084fa20c2fc1618bf178a5386f90610be", "price_changes": [{"asset_id": "107000426448217931795450451304515386602910396776318075817601265223856116134349", "price": "0.201", "size": "19.9", "side": "BUY", "hash": "e83693876c4df6b177fd5ff7d6580a1001935761", "best_bid": "0.989", "best_ask": "0.993"}, {"asset_id": "80230236018433940569996058935444651347308266584430516013229815570706872276819", "price": "0.799", "size": "19.9", "side": "SELL", "hash": "466b7e391d5fb558bb38fc50a526feae8f431313", "best_bid": "0.007", "best_ask": "0.011"}], "timestamp": "1769384050638", "event_type": "price_change"}}
{"_local_timestamp": "2026-01-25T23:34:10.917024+00:00", "data": {"market": "0xe9c127a8c35f045d37b5344b0a36711084fa20c2fc1618bf178a5386f90610be", "price_changes": [{"asset_id": "107000426448217931795450451304515386602910396776318075817601265223856116134349", "price": "0.201", "size": "39.8", "side": "BUY", "hash": "8f4244f239fafc098eb045d91afda1fad7c68cf6", "best_bid": "0.989", "best_ask": "0.993"}, {"asset_id": "80230236018433940569996058935444651347308266584430516013229815570706872276819", "price": "0.799", "size": "39.8", "side": "SELL", "hash": "45ae974b3c0f9ba134e3d959544799883878aa15", "best_bid": "0.007", "best_ask": "0.011"}], "timestamp": "1769384050850", "event_type": "price_change"}}
{"_local_timestamp": "2026-01-25T23:34:11.149926+00:00", "data": {"market": "0xe9c127a8c35f045d37b5344b0a36711084fa20c2fc1618bf178a5386f90610be", "price_changes": [{"asset_id": "107000426448217931795450451304515386602910396776318075817601265223856116134349", "price": "0.251", "size": "15.93", "side": "BUY", "hash": "02b22621ba917e0e10736778c2ccd0b1d9676814", "best_bid": "0.989", "best_ask": "0.993"}, {"asset_id": "80230236018433940569996058935444651347308266584430516013229815570706872276819", "price": "0.749", "size": "15.93", "side": "SELL", "hash": "14e43b69fc8b9e030f8a90753f2eab8a8b05697c", "best_bid": "0.007", "best_ask": "0.011"}], "timestamp": "1769384051079", "event_type": "price_change"}}
{"_local_timestamp": "2026-01-25T23:34:11.393586+00:00", "data": {"market": "0xe9c127a8c35f045d37b5344b0a36711084fa20c2fc1618bf178a5386f90610be", "price_changes": [{"asset_id": "107000426448217931795450451304515386602910396776318075817601265223856116134349", "price": "0.251", "size": "31.86", "side": "BUY", "hash": "45b18696855179ae81d0b824773cca75796b90b5", "best_bid": "0.989", "best_ask": "0.993"}, {"asset_id": "80230236018433940569996058935444651347308266584430516013229815570706872276819", "price": "0.749", "size": "31.86", "side": "SELL", "hash": "e10feb1fb511b45bb8cdedc74816ba2d388092f0", "best_bid": "0.007", "best_ask": "0.011"}], "timestamp": "1769384051326", "event_type": "price_change"}}
{"_local_timestamp": "2026-01-25T23:34:11.609835+00:00", "data": {"market": "0xe9c127a8c35f045d37b5344b0a36711084fa20c2fc1618bf178a5386f90610be", "price_changes": [{"asset_id": "107000426448217931795450451304515386602910396776318075817601265223856116134349", "price": "0.301", "size": "0", "side": "BUY", "hash": "f44bc23cd77e945933bcc954376710a297c2e871", "best_bid": "0.989", "best_ask": "0.993"}, {"asset_id": "80230236018433940569996058935444651347308266584430516013229815570706872276819", "price": "0.699", "size": "0", "side": "SELL", "hash": "a742ee74cc8baf18f912c22e67daa8a3221110c6", "best_bid": "0.007", "best_ask": "0.011"}], "timestamp": "1769384051544", "event_type": "price_change"}}
{"_local_timestamp": "2026-01-25T23:34:11.833104+00:00", "data": {"market": "0xe9c127a8c35f045d37b5344b0a36711084fa20c2fc1618bf178a5386f90610be", "price_changes": [{"asset_id": "107000426448217931795450451304515386602910396776318075817601265223856116134349", "price": "0.301", "size": "13.28", "side": "BUY", "hash": "3fb3af1d66e3feaa6260ba2f6947a59b5abd63b9", "best_bid": "0.989", "best_ask": "0.993"}, {"asset_id": "80230236018433940569996058935444651347308266584430516013229815570706872276819", "price": "0.699", "size": "13.28", "side": "SELL", "hash": "0445a4015c0fd0149d1160847b879d3b8e393520", "best_bid": "0.007", "best_ask": "0.011"}], "timestamp": "1769384051764", "event_type": "price_change"}}
{"_local_timestamp": "2026-01-25T23:34:12.038359+00:00", "data": {"market": "0xe9c127a8c35f045d37b5344b0a36711084fa20c2fc1618bf178a5386f90610be", "price_changes": [{"asset_id": "107000426448217931795450451304515386602910396776318075817601265223856116134349", "price": "0.351", "size": "0", "side": "BUY", "hash": "8bb8107262458793cb1f0a28a861e097acfb4aab", "best_bid": "0.989", "best_ask": "0.993"}, {"asset_id": "80230236018433940569996058935444651347308266584430516013229815570706872276819", "price": "0.649", "size": "0", "side": "SELL", "hash": "49086ccc06553b086cc542170ab5e64dbdc28085", "best_bid": "0.007", "best_ask": "0.011"}], "timestamp": "1769384051963", "event_type": "price_change"}}
{"_local_timestamp": "2026-01-25T23:34:12.247537+00:00", "data": {"market": "0xe9c127a8c35f045d37b5344b0a36711084fa20c2fc1618bf178a5386f90610be", "price_changes": [{"asset_id": "107000426448217931795450451304515386602910396776318075817601265223856116134349", "price": "0.351", "size": "11.39", "side": "BUY", "hash": "0c68cf8ab1e709e7d3cf960f502c96148f3aa91c", "best_bid": "0.989", "best_ask": "0.993"}, {"asset_id": "80230236018433940569996058935444651347308266584430516013229815570706872276819", "price": "0.649", "size": "11.39", "side": "SELL", "hash": "03dc7cff13faa9afc64d300b5c99cb7ede201473", "best_bid": "0.007", "best_ask": "0.011"}], "timestamp": "1769384052175", "event_type": "price_change"}}
{"_local_timestamp": "2026-01-25T23:34:12.495840+00:00", "data": {"market": "0xe9c127a8c35f045d37b5344b0a36711084fa20c2fc1618bf178a5386f90610be", "price_changes": [{"asset_id": "107000426448217931795450451304515386602910396776318075817601265223856116134349", "price": "0.365", "size": "10.95", "side": "BUY", "hash": "90086d3c6cf88d90148d3b8f995cafb40536ad99", "best_bid": "0.989", "best_ask": "0.993"}, {"asset_id": "80230236018433940569996058935444651347308266584430516013229815570706872276819", "price": "0.635", "size": "10.95", "side": "SELL", "hash": "826ffc24601693dd7ee1da84297b948a17ff6f98", "best_bid": "0.007", "best_ask": "0.011"}], "timestamp": "1769384052392", "event_type": "price_change"}}
{"_local_timestamp": "2026-01-25T23:34:12.670160+00:00", "data": {"market": "0xe9c127a8c35f045d37b5344b0a36711084fa20c2fc1618bf178a5386f90610be", "price_changes": [{"asset_id": "107000426448217931795450451304515386602910396776318075817601265223856116134349", "price": "0.404", "size": "0", "side": "BUY", "hash": "84876c09d8c402e0cace0d6aac16b4c4a60ca6e1", "best_bid": "0.989", "best_ask": "0.993"}, {"asset_id": "80230236018433940569996058935444651347308266584430516013229815570706872276819", "price": "0.596", "size": "0", "side": "SELL", "hash": "da44df525ff01deb9ea06568f69d8e8570c2056f", "best_bid": "0.007", "best_ask": "0.011"}], "timestamp": "1769384052599", "event_type": "price_change"}}
{"_local_timestamp": "2026-01-25T23:34:12.975474+00:00", "data": {"market": "0xe9c127a8c35f045d37b5344b0a36711084fa20c2fc1618bf178a5386f90610be", "price_changes": [{"asset_id": "107000426448217931795450451304515386602910396776318075817601265223856116134349", "price": "0.404", "size": "9.9", "side": "BUY", "hash": "3045720dd190a256198c6be52ca394f704a7c783", "best_bid": "0.989", "best_ask": "0.993"}, {"asset_id": "80230236018433940569996058935444651347308266584430516013229815570706872276819", "price": "0.596", "size": "9.9", "side": "SELL", "hash": "a3046cc9ea5d2f426946a0c60c100ae8672ca1ba", "best_bid": "0.007", "best_ask": "0.011"}], "timestamp": "1769384052812", "event_type": "price_change"}}
{"_local_timestamp": "2026-01-25T23:34:13.149285+00:00", "data": {"market": "0xe9c127a8c35f045d37b5344b0a36711084fa20c2fc1618bf178a5386f90610be", "price_changes": [{"asset_id": "107000426448217931795450451304515386602910396776318075817601265223856116134349", "price": "0.46", "size": "8.69", "side": "BUY", "hash": "9e1caf4e02d01e1ddd4bc5c74327c634b62a1b4c", "best_bid": "0.989", "best_ask": "0.993"}, {"asset_id": "80230236018433940569996058935444651347308266584430516013229815570706872276819", "price": "0.54", "size": "8.69", "side": "SELL", "hash": "34307bcc37400bc496abb96ccb4e3585980659a5", "best_bid": "0.007", "best_ask": "0.011"}], "timestamp": "1769384053018", "event_type": "price_change"}}
