{"_local_timestamp": "2026-01-25T23:33:39.016017+00:00", "data": [{"market": "0x74a960f6e74324d124183f786467b089beebaaa34b075181c55e823b18bde048", "asset_id": "78793947695488461906291194696651727856206095791749037634142632859804304098517", "timestamp": "1769382721186", "hash": "e94c6f8c1b6deebc1a56074f5a02565cdbec5390", "bids": [{"price": "0.001", "size": "120295"}, {"price": "0.002", "size": "1328.18"}], "asks": [{"price": "0.999", "size": "3842.07"}, {"price": "0.998", "size": "1255.04"}, {"price": "0.997", "size": "1166"}, {"price": "0.996", "size": "8.63"}, {"price": "0.994", "size": "83"}, {"price": "0.99", "size": "5550"}, {"price": "0.989", "size": "8.38"}, {"price": "0.98", "size": "102500"}, {"price": "0.97", "size": "5000"}, {"price": "0.969", "size": "8.35"}, {"price": "0.95", "size": "30"}, {"price": "0.949", "size": "39"}, {"price": "0.94", "size": "500"}, {"price": "0.9", "size": "1860"}, {"price": "0.899", "size": "5.93"}, {"price": "0.85", "size": "776.66"}, {"price": "0.8", "size": "560"}, {"price": "0.75", "size": "50412"}, {"price": "0.749", "size": "250"}, {"price": "0.748", "size": "7"}, {"price": "0.7", "size": "186.66"}, {"price": "0.66", "size": "50"}, {"price": "0.65", "size": "68.57"}, {"price": "0.6", "size": "50"}, {"price": "0.55", "size": "560"}, {"price": "0.45", "size": "800"}, {"price": "0.15", "size": "2808.91"}, {"price": "0.09", "size": "640"}, {"price": "0.07", "size": "300"}, {"price": "0.069", "size": "2000"}, {"price": "0.06", "size": "600"}, {"price": "0.059", "size": "1500"}, {"price": "0.05", "size": "325"}, {"price": "0.049", "size": "1000"}, {"price": "0.039", "size": "200"}, {"price": "0.019", "size": "5000"}, {"price": "0.018", "size": "5000"}, {"price": "0.017", "size": "5000"}, {"price": "0.016", "size": "5158.37"}, {"price": "0.015", "size": "5079.18"}, {"price": "0.014", "size": "4799.22"}, {"price": "0.013", "size": "4279.6"}, {"price": "0.012", "size": "3000"}, {"price": "0.011", "size": "3000"}, {"price": "0.01", "size": "3000"}, {"price": "0.009", "size": "1291.71"}, {"price": "0.008", "size": "3490.42"}, {"price": "0.007", "size": "2000"}, {"price": "0.006", "size": "2010"}, {"price": "0.005", "size": "1298"}, {"price": "0.004", "size": "1596.11"}, {"price": "0.003", "size": "1736.62"}], "event_type": "book", "last_trade_price": "0.002"}, {"market": "0x60ecb823bb667a51ccf9ffcb1cab2c48899cd16410687874887dab9df9f4e1bf", "asset_id": "6727724717965804812582437828646736972344757795103515098740782022977766715112", "timestamp": "1769384013536", "hash": "2ed6396a98a42bab46ae6fe101ce17037202e5bc", "bids": [{"price": "0.01", "size": "10664.21"}, {"price": "0.02", "size": "105000"}, {"price": "0.03", "size": "4000"}, {"price": "0.04", "size": "1256.48"}, {"price": "0.05", "size": "280"}, {"price": "0.06", "size": "533"}, {"price": "0.1", "size": "560"}, {"price": "0.11", "size": "5.44"}, {"price": "0.14", "size": "242.85"}, {"price": "0.15", "size": "600"}, {"price": "0.19", "size": "168.42"}, {"price": "0.2", "size": "400"}, {"price": "0.23", "size": "744"}, {"price": "0.24", "size": "1964.66"}, {"price": "0.25", "size": "100"}, {"price": "0.29", "size": "89.65"}, {"price": "0.3", "size": "600"}, {"price": "0.34", "size": "70.58"}, {"price": "0.35", "size": "1814"}, {"price": "0.38", "size": "127.63"}, {"price": "0.56", "size": "30000"}, {"price": "0.57", "size": "5000"}, {"price": "0.58", "size": "5"}, {"price": "0.74", "size": "600"}, {"price": "0.92", "size": "250"}, {"price": "0.94", "size": "11161"}, {"price": "0.95", "size": "996.03"}], "asks": [{"price": "0.99", "size": "116847.51"}, {"price": "0.98", "size": "5348"}, {"price": "0.97", "size": "817.3"}, {"price": "0.96", "size": "567.17"}], "event_type": "book", "last_trade_price": ""}, {"market": "0x60ecb823bb667a51ccf9ffcb1cab2c48899cd16410687874887dab9df9f4e1bf", "asset_id": "19998490588165385691634000405206222117826113177925708815328988090662305366225", "timestamp": "1769384013536", "hash": "476c974bccc4b1babd0083a9c486229192f84d5a", "bids": [{"price": "0.01", "size": "116847.51"}, {"price": "0.02", "size": "5348"}, {"price": "0.03", "size": "817.3"}, {"price": "0.04", "size": "567.17"}], "asks": [{"price": "0.99", "size": "10664.21"}, {"price": "0.98", "size": "105000"}, {"price": "0.97", "size": "4000"}, {"price": "0.96", "size": "1256.48"}, {"price": "0.95", "size": "280"}, {"price": "0.94", "size": "533"}, {"price": "0.9", "size": "560"}, {"price": "0.89", "size": "5.44"}, {"price": "0.86", "size": "242.85"}, {"price": "0.85", "size": "600"}, {"price": "0.81", "size": "168.42"}, {"price": "0.8", "size": "400"}, {"price": "0.77", "size": "744"}, {"price": "0.76", "size": "1964.66"}, {"price": "0.75", "size": "100"}, {"price": "0.71", "size": "89.65"}, {"price": "0.7", "size": "600"}, {"price": "0.66", "size": "70.58"}, {"price": "0.65", "size": "1814"}, {"price": "0.62", "size": "127.63"}, {"price": "0.44", "size": "30000"}, {"price": "0.43", "size": "5000"}, {"price": "0.42", "size": "5"}, {"price": "0.26", "size": "600"}, {"price": "0.08", "size": "250"}, {"price": "0.06", "size": "11161"}, {"price": "0.05", "size": "996.03"}], "event_type": "book", "last_trade_price": ""}, {"market": "0x74a960f6e74324d124183f786467b089beebaaa34b075181c55e823b18bde048", "asset_id": "53492410658013589906025024789262884004829357354045647893742495711330889023510", "timestamp": "1769382721186", "hash": "c1179471de5a5ece7b109c35283092c64c450ba6", "bids": [{"price": "0.001", "size": "3842.07"}, {"price": "0.002", "size": "1255.04"}, {"price": "0.003", "size": "1166"}, {"price": "0.004", "size": "8.63"}, {"price": "0.006", "size": "83"}, {"price": "0.01", "size": "5550"}, {"price": "0.011", "size": "8.38"}, {"price": "0.02", "size": "102500"}, {"price": "0.03", "size": "5000"}, {"price": "0.031", "size": "8.35"}, {"price": "0.05", "size": "30"}, {"price": "0.051", "size": "39"}, {"price": "0.06", "size": "500"}, {"price": "0.1", "size": "1860"}, {"price": "0.101", "size": "5.93"}, {"price": "0.15", "size": "776.66"}, {"price": "0.2", "size": "560"}, {"price": "0.25", "size": "50412"}, {"price": "0.251", "size": "250"}, {"price": "0.252", "size": "7"}, {"price": "0.3", "size": "186.66"}, {"price": "0.34", "size": "50"}, {"price": "0.35", "size": "68.57"}, {"price": "0.4", "size": "50"}, {"price": "0.45", "size": "560"}, {"price": "0.55", "size": "800"}, {"price": "0.85", "size": "2808.91"}, {"price": "0.91", "size": "640"}, {"price": "0.93", "size": "300"}, {"price": "0.931", "size": "2000"}, {"price": "0.94", "size": "600"}, {"price": "0.941", "size": "1500"}, {"price": "0.95", "size": "325"}, {"price": "0.951", "size": "1000"}, {"price": "0.961", "size": "200"}, {"price": "0.981", "size": "5000"}, {"price": "0.982", "size": "5000"}, {"price": "0.983", "size": "5000"}, {"price": "0.984", "size": "5158.37"}, {"price": "0.985", "size": "5079.18"}, {"price": "0.986", "size": "4799.22"}, {"price": "0.987", "size": "4279.6"}, {"price": "0.988", "size": "3000"}, {"price": "0.989", "size": "3000"}, {"price": "0.99", "size": "3000"}, {"price": "0.991", "size": "1291.71"}, {"price": "0.992", "size": "3490.42"}, {"price": "0.993", "size": "2000"}, {"price": "0.994", "size": "2010"}, {"price": "0.995", "size": "1298"}, {"price": "0.996", "size": "1596.11"}, {"price": "0.997", "size": "1736.62"}], "asks": [{"price": "0.999", "size": "120295"}, {"price": "0.998", "size": "1328.18"}], "event_type": "book", "last_trade_price": "0.002"}]}
{"_local_timestamp": "2026-01-25T23:34:19.906277+00:00", "data": {"market": "0x60ecb823bb667a51ccf9ffcb1cab2c48899cd16410687874887dab9df9f4e1bf", "price_changes": [{"asset_id": "6727724717965804812582437828646736972344757795103515098740782022977766715112", "price": "0.24", "size": "216.66", "side": "BUY", "hash": "60605883f5c6daca6146f9ff8f0f07ba02dfa560", "best_bid": "0.95", "best_ask": "0.96"}, {"asset_id": "19998490588165385691634000405206222117826113177925708815328988090662305366225", "price": "0.76", "size": "216.66", "side": "SELL", "hash": "b7bdd175312d2fda58c1f102a990855562f87d42", "best_bid": "0.04", "best_ask": "0.05"}], "timestamp": "1769384059754", "event_type": "price_change"}}
{"_local_timestamp": "2026-01-25T23:34:27.740887+00:00", "data": {"market": "0x60ecb823bb667a51ccf9ffcb1cab2c48899cd16410687874887dab9df9f4e1bf", "price_changes": [{"asset_id": "6727724717965804812582437828646736972344757795103515098740782022977766715112", "price": "0.25", "size": "0", "side": "BUY", "hash": "3ead98d18cddbf543e3581ce0c97245a6275fa89", "best_bid": "0.95", "best_ask": "0.96"}, {"asset_id": "19998490588165385691634000405206222117826113177925708815328988090662305366225", "price": "0.75", "size": "0", "side": "SELL", "hash": "38af32528fa2955f4a618266d4033bb00d7eb378", "best_bid": "0.04", "best_ask": "0.05"}], "timestamp": "1769384067574", "event_type": "price_change"}}
{"_local_timestamp": "2026-01-25T23:34:28.319319+00:00", "data": {"market": "0x60ecb823bb667a51ccf9ffcb1cab2c48899cd16410687874887dab9df9f4e1bf", "price_changes": [{"asset_id": "6727724717965804812582437828646736972344757795103515098740782022977766715112", "price": "0.24", "size": "316.66", "side": "BUY", "hash": "c91cabb8608a66297173a40bcbebe0f6e209556f", "best_bid": "0.95", "best_ask": "0.96"}, {"asset_id": "19998490588165385691634000405206222117826113177925708815328988090662305366225", "price": "0.76", "size": "316.66", "side": "SELL", "hash": "d8919d0330b4c2ea9d2652a05c6f80d47d7c7fc7", "best_bid": "0.04", "best_ask": "0.05"}], "timestamp": "1769384068089", "event_type": "price_change"}}
{"_local_timestamp": "2026-01-25T23:34:46.555708+00:00", "data": {"market": "0x60ecb823bb667a51ccf9ffcb1cab2c48899cd16410687874887dab9df9f4e1bf", "price_changes": [{"asset_id": "19998490588165385691634000405206222117826113177925708815328988090662305366225", "price": "0.01", "size": "116838", "side": "BUY", "hash": "54dde6573ff653dc3793d28e3d0ba716cd401b74", "best_bid": "0.04", "best_ask": "0.05"}, {"asset_id": "6727724717965804812582437828646736972344757795103515098740782022977766715112", "price": "0.99", "size": "116838", "side": "SELL", "hash": "5c4151cc2bf321a23bfc189bf238894138b8baeb", "best_bid": "0.95", "best_ask": "0.96"}], "timestamp": "1769384086471", "event_type": "price_change"}}
{"_local_timestamp": "2026-01-25T23:34:46.557200+00:00", "data": {"market": "0x60ecb823bb667a51ccf9ffcb1cab2c48899cd16410687874887dab9df9f4e1bf", "price_changes": [{"asset_id": "19998490588165385691634000405206222117826113177925708815328988090662305366225", "price": "0.02", "size": "5302.76", "side": "BUY", "hash": "54dde6573ff653dc3793d28e3d0ba716cd401b74", "best_bid": "0.04", "best_ask": "0.05"}, {"asset_id": "6727724717965804812582437828646736972344757795103515098740782022977766715112", "price": "0.98", "size": "5302.76", "side": "SELL", "hash": "5c4151cc2bf321a23bfc189bf238894138b8baeb", "best_bid": "0.95", "best_ask": "0.96"}], "timestamp": "1769384086471", "event_type": "price_change"}}
{"_local_timestamp": "2026-01-25T23:34:49.573562+00:00", "data": {"market": "0x60ecb823bb667a51ccf9ffcb1cab2c48899cd16410687874887dab9df9f4e1bf", "price_changes": [{"asset_id": "19998490588165385691634000405206222117826113177925708815328988090662305366225", "price": "0.02", "size": "5348", "side": "BUY", "hash": "9a0e2fa4f83aef0c685eb523f35975796d16be94", "best_bid": "0.04", "best_ask": "0.05"}, {"asset_id": "6727724717965804812582437828646736972344757795103515098740782022977766715112", "price": "0.98", "size": "5348", "side": "SELL", "hash": "26e4e3129e6510f8f5065bb142b8f32d59f7f198", "best_bid": "0.95", "best_ask": "0.96"}], "timestamp": "1769384089316", "event_type": "price_change"}}
{"_local_timestamp": "2026-01-25T23:34:49.573960+00:00", "data": {"market": "0x60ecb823bb667a51ccf9ffcb1cab2c48899cd16410687874887dab9df9f4e1bf", "price_changes": [{"asset_id": "19998490588165385691634000405206222117826113177925708815328988090662305366225", "price": "0.01", "size": "116847.51", "side": "BUY", "hash": "fca03d60b8a75e75bb7ae5d5b3c1361684d87996", "best_bid": "0.04", "best_ask": "0.05"}, {"asset_id": "6727724717965804812582437828646736972344757795103515098740782022977766715112", "price": "0.99", "size": "116847.51", "side": "SELL", "hash": "f79f9c4423fb6fa3314e5e4b51feaed844d20bdd", "best_bid": "0.95", "best_ask": "0.96"}], "timestamp": "1769384089318", "event_type": "price_change"}}
{"_local_timestamp": "2026-01-25T23:35:23.803344+00:00", "data": {"market": "0x60ecb823bb667a51ccf9ffcb1cab2c48899cd16410687874887dab9df9f4e1bf", "price_changes": [{"asset_id": "6727724717965804812582437828646736972344757795103515098740782022977766715112", "price": "0.25", "size": "1680", "side": "BUY", "hash": "377de29a8d69262f196d3a8ec231c4b9961079a9", "best_bid": "0.95", "best_ask": "0.96"}, {"asset_id": "19998490588165385691634000405206222117826113177925708815328988090662305366225", "price": "0.75", "size": "1680", "side": "SELL", "hash": "b32d65c91cf20d6751ff1d43922744b51a338dc4", "best_bid": "0.04", "best_ask": "0.05"}], "timestamp": "1769384123678", "event_type": "price_change"}}
{"_local_timestamp": "2026-01-25T23:35:23.811533+00:00", "data": {"market": "0x60ecb823bb667a51ccf9ffcb1cab2c48899cd16410687874887dab9df9f4e1bf", "price_changes": [{"asset_id": "6727724717965804812582437828646736972344757795103515098740782022977766715112", "price": "0.24", "size": "216.66", "side": "BUY", "hash": "5ed08b1bbf401c4588fd6cfe9ccb4a88d026f9a4", "best_bid": "0.95", "best_ask": "0.96"}, {"asset_id": "19998490588165385691634000405206222117826113177925708815328988090662305366225", "price": "0.76", "size": "216.66", "side": "SELL", "hash": "eed3e7ba73faad97214eed4c7be465935842f3ef", "best_bid": "0.04", "best_ask": "0.05"}], "timestamp": "1769384123682", "event_type": "price_change"}}
{"_local_timestamp": "2026-01-25T23:35:24.184237+00:00", "data": {"market": "0x60ecb823bb667a51ccf9ffcb1cab2c48899cd16410687874887dab9df9f4e1bf", "price_changes": [{"asset_id": "6727724717965804812582437828646736972344757795103515098740782022977766715112", "price": "0.23", "size": "844", "side": "BUY", "hash": "edb6071c45570f88b332d5c1ccc8769dbfbb10e4", "best_bid": "0.95", "best_ask": "0.96"}, {"asset_id": "19998490588165385691634000405206222117826113177925708815328988090662305366225", "price": "0.77", "size": "844", "side": "SELL", "hash": "33a48cd47bcb98a4651714ed3092f04dd917c722", "best_bid": "0.04", "best_ask": "0.05"}], "timestamp": "1769384124042", "event_type": "price_change"}}
{"_local_timestamp": "2026-01-25T23:35:56.463924+00:00", "data": {"market": "0x60ecb823bb667a51ccf9ffcb1cab2c48899cd16410687874887dab9df9f4e1bf", "price_changes": [{"asset_id": "6727724717965804812582437828646736972344757795103515098740782022977766715112", "price": "0.23", "size": "794", "side": "BUY", "hash": "4286602e0fc8b23947cb44a83b80bf003944a4a8", "best_bid": "0.95", "best_ask": "0.96"}, {"asset_id": "19998490588165385691634000405206222117826113177925708815328988090662305366225", "price": "0.77", "size": "794", "side": "SELL", "hash": "e988fe7887583e41232a89afab2a471c5a30f7b7", "best_bid": "0.04", "best_ask": "0.05"}], "timestamp": "1769384156301", "event_type": "price_change"}}
{"_local_timestamp": "2026-01-25T23:35:56.854167+00:00", "data": {"market": "0x60ecb823bb667a51ccf9ffcb1cab2c48899cd16410687874887dab9df9f4e1bf", "price_changes": [{"asset_id": "6727724717965804812582437828646736972344757795103515098740782022977766715112", "price": "0.24", "size": "266.66", "side": "BUY", "hash": "6cbc7d13c541e07c3fe19ca5b2dec6e90eda3076", "best_bid": "0.95", "best_ask": "0.96"}, {"asset_id": "19998490588165385691634000405206222117826113177925708815328988090662305366225", "price": "0.76", "size": "266.66", "side": "SELL", "hash": "e734e176c78186b32b7df284ed2de9a9bd96d4c2", "best_bid": "0.04", "best_ask": "0.05"}], "timestamp": "1769384156732", "event_type": "price_change"}}
{"_local_timestamp": "2026-01-25T23:36:02.346424+00:00", "data": {"market": "0x60ecb823bb667a51ccf9ffcb1cab2c48899cd16410687874887dab9df9f4e1bf", "price_changes": [{"asset_id": "6727724717965804812582437828646736972344757795103515098740782022977766715112", "price": "0.23", "size": "694", "side": "BUY", "hash": "5fac15bcb4755191c09c6dc4c340be31e9e8e6d7", "best_bid": "0.95", "best_ask": "0.96"}, {"asset_id": "19998490588165385691634000405206222117826113177925708815328988090662305366225", "price": "0.77", "size": "694", "side": "SELL", "hash": "51b2fca5ba7ce6f8d5ed688e29cee7574036fe50", "best_bid": "0.04", "best_ask": "0.05"}], "timestamp": "1769384162258", "event_type": "price_change"}}
{"_local_timestamp": "2026-01-25T23:36:02.646758+00:00", "data": {"market": "0x60ecb823bb667a51ccf9ffcb1cab2c48899cd16410687874887dab9df9f4e1bf", "price_changes": [{"asset_id": "6727724717965804812582437828646736972344757795103515098740782022977766715112", "price": "0.25", "size": "1780", "side": "BUY", "hash": "85151b786d372be46575c4b99bcdcde7e0d98fb5", "best_bid": "0.95", "best_ask": "0.96"}, {"asset_id": "19998490588165385691634000405206222117826113177925708815328988090662305366225", "price": "0.75", "size": "1780", "side": "SELL", "hash": "ad7681246d8719f9a425712abe5f97e3f91338ff", "best_bid": "0.04", "best_ask": "0.05"}], "timestamp": "1769384162549", "event_type": "price_change"}}
{"_local_timestamp": "2026-01-25T23:36:55.242127+00:00", "data": {"market": "0x60ecb823bb667a51ccf9ffcb1cab2c48899cd16410687874887dab9df9f4e1bf", "price_changes": [{"asset_id": "6727724717965804812582437828646736972344757795103515098740782022977766715112", "price": "0.24", "size": "166.66", "side": "BUY", "hash": "2439d7e88c591901050587b599e6534c4903fbd7", "best_bid": "0.95", "best_ask": "0.96"}, {"asset_id": "19998490588165385691634000405206222117826113177925708815328988090662305366225", "price": "0.76", "size": "166.66", "side": "SELL", "hash": "207f5490631316ef1df1c529622f36216873a29f", "best_bid": "0.04", "best_ask": "0.05"}], "timestamp": "1769384215008", "event_type": "price_change"}}
{"_local_timestamp": "2026-01-25T23:36:56.014421+00:00", "data": {"market": "0x60ecb823bb667a51ccf9ffcb1cab2c48899cd16410687874887dab9df9f4e1bf", "price_changes": [{"asset_id": "6727724717965804812582437828646736972344757795103515098740782022977766715112", "price": "0.3", "size": "700", "side": "BUY", "hash": "a025cec84167fd282491d6585ea6c8a51bb6627c", "best_bid": "0.95", "best_ask": "0.96"}, {"asset_id": "19998490588165385691634000405206222117826113177925708815328988090662305366225", "price": "0.7", "size": "700", "side": "SELL", "hash": "b767263fe997d5a1d90a9ca7496858462bb233e7", "best_bid": "0.04", "best_ask": "0.05"}], "timestamp": "1769384215638", "event_type": "price_change"}}
{"_local_timestamp": "2026-01-25T23:38:21.316069+00:00", "data": {"market": "0x60ecb823bb667a51ccf9ffcb1cab2c48899cd16410687874887dab9df9f4e1bf", "price_changes": [{"asset_id": "6727724717965804812582437828646736972344757795103515098740782022977766715112", "price": "0.24", "size": "116.66", "side": "BUY", "hash": "dfdc8111c96f78731a83f3b6c50129c85d2d9867", "best_bid": "0.95", "best_ask": "0.96"}, {"asset_id": "19998490588165385691634000405206222117826113177925708815328988090662305366225", "price": "0.76", "size": "116.66", "side": "SELL", "hash": "682bd1fc719d652f88cea8ee75b47ca44d16bd48", "best_bid": "0.04", "best_ask": "0.05"}], "timestamp": "1769384301134", "event_type": "price_change"}}
{"_local_timestamp": "2026-01-25T23:38:21.689674+00:00", "data": {"market": "0x60ecb823bb667a51ccf9ffcb1cab2c48899cd16410687874887dab9df9f4e1bf", "price_changes": [{"asset_id": "6727724717965804812582437828646736972344757795103515098740782022977766715112", "price": "0.25", "size": "1830", "side": "BUY", "hash": "0148a4becaedc464ede0e94bc402eecafd0e5cae", "best_bid": "0.95", "best_ask": "0.96"}, {"asset_id": "19998490588165385691634000405206222117826113177925708815328988090662305366225", "price": "0.75", "size": "1830", "side": "SELL", "hash": "4a0fea65a7cefdbe854610157a909416ce6c0a3c", "best_bid": "0.04", "best_ask": "0.05"}], "timestamp": "1769384301496", "event_type": "price_change"}}
