{"_local_timestamp": "2026-01-25T23:33:17.331354+00:00", "data": [{"market": "0x6176cc868c8893cf431ae1e8103d4d4c1fcfcf239c3b3415b672151337125884", "asset_id": "76350537296247188972152277947349396667408693228883257954471424426267688952517", "timestamp": "1769383971093", "hash": "f63c8f181f929c1a2b48ecfa6588c3d544a64000", "bids": [{"price": "0.01", "size": "1282.69"}, {"price": "0.02", "size": "125"}, {"price": "0.03", "size": "9.06"}, {"price": "0.08", "size": "450"}, {"price": "0.09", "size": "3332"}, {"price": "0.1", "size": "6.31"}, {"price": "0.13", "size": "261.53"}, {"price": "0.14", "size": "1142"}, {"price": "0.17", "size": "188.23"}, {"price": "0.18", "size": "888"}, {"price": "0.21", "size": "133.33"}, {"price": "0.25", "size": "1680"}, {"price": "0.26", "size": "5437"}, {"price": "0.3", "size": "80"}, {"price": "0.34", "size": "58.82"}, {"price": "0.5", "size": "10"}, {"price": "0.7", "size": "20"}, {"price": "0.71", "size": "6"}, {"price": "0.74", "size": "6"}, {"price": "0.75", "size": "117.33"}, {"price": "0.76", "size": "14.47"}, {"price": "0.77", "size": "100"}, {"price": "0.78", "size": "100"}, {"price": "0.79", "size": "200"}, {"price": "0.8", "size": "511"}, {"price": "0.81", "size": "8418.71"}, {"price": "0.82", "size": "2666.22"}, {"price": "0.83", "size": "645.39"}], "asks": [{"price": "0.99", "size": "3540"}, {"price": "0.98", "size": "2549.46"}, {"price": "0.97", "size": "121.03"}, {"price": "0.96", "size": "48.14"}, {"price": "0.95", "size": "40"}, {"price": "0.94", "size": "405"}, {"price": "0.93", "size": "9.99"}, {"price": "0.92", "size": "168.56"}, {"price": "0.91", "size": "61.11"}, {"price": "0.88", "size": "205"}, {"price": "0.87", "size": "9404"}, {"price": "0.86", "size": "21289"}, {"price": "0.85", "size": "16713.87"}, {"price": "0.84", "size": "1289.94"}], "event_type": "book", "last_trade_price": "0.840"}, {"market": "0x6176cc868c8893cf431ae1e8103d4d4c1fcfcf239c3b3415b672151337125884", "asset_id": "53233529358602879115478722993262404502732073224174276202211965211706009589067", "timestamp": "1769383971093", "hash": "228892511511a3a0fc98d198ec39abeaea04bb52", "bids": [{"price": "0.01", "size": "3540"}, {"price": "0.02", "size": "2549.46"}, {"price": "0.03", "size": "121.03"}, {"price": "0.04", "size": "48.14"}, {"price": "0.05", "size": "40"}, {"price": "0.06", "size": "405"}, {"price": "0.07", "size": "9.99"}, {"price": "0.08", "size": "168.56"}, {"price": "0.09", "size": "61.11"}, {"price": "0.12", "size": "205"}, {"price": "0.13", "size": "9404"}, {"price": "0.14", "size": "21289"}, {"price": "0.15", "size": "16713.87"}, {"price": "0.16", "size": "1289.94"}], "asks": [{"price": "0.99", "size": "1282.69"}, {"price": "0.98", "size": "125"}, {"price": "0.97", "size": "9.06"}, {"price": "0.92", "size": "450"}, {"price": "0.91", "size": "3332"}, {"price": "0.9", "size": "6.31"}, {"price": "0.87", "size": "261.53"}, {"price": "0.86", "size": "1142"}, {"price": "0.83", "size": "188.23"}, {"price": "0.82", "size": "888"}, {"price": "0.79", "size": "133.33"}, {"price": "0.75", "size": "1680"}, {"price": "0.74", "size": "5437"}, {"price": "0.7", "size": "80"}, {"price": "0.66", "size": "58.82"}, {"price": "0.5", "size": "10"}, {"price": "0.3", "size": "20"}, {"price": "0.29", "size": "6"}, {"price": "0.26", "size": "6"}, {"price": "0.25", "size": "117.33"}, {"price": "0.24", "size": "14.47"}, {"price": "0.23", "size": "100"}, {"price": "0.22", "size": "100"}, {"price": "0.21", "size": "200"}, {"price": "0.2", "size": "511"}, {"price": "0.19", "size": "8418.71"}, {"price": "0.18", "size": "2666.22"}, {"price": "0.17", "size": "645.39"}], "event_type": "book", "last_trade_price": "0.840"}]}
{"_local_timestamp": "2026-01-25T23:35:05.094606+00:00", "data": {"market": "0x6176cc868c8893cf431ae1e8103d4d4c1fcfcf239c3b3415b672151337125884", "price_changes": [{"asset_id": "53233529358602879115478722993262404502732073224174276202211965211706009589067", "price": "0.08", "size": "162.5", "side": "BUY", "hash": "f51ce53b785edecd49751d0a48f28ccf4a35f116", "best_bid": "0.16", "best_ask": "0.17"}, {"asset_id": "76350537296247188972152277947349396667408693228883257954471424426267688952517", "price": "0.92", "size": "162.5", "side": "SELL", "hash": "ee42b1b0c785898958e7f6568b04214a3c36e595", "best_bid": "0.83", "best_ask": "0.84"}], "timestamp": "1769384105000", "event_type": "price_change"}}
{"_local_timestamp": "2026-01-25T23:35:05.095557+00:00", "data": {"market": "0x6176cc868c8893cf431ae1e8103d4d4c1fcfcf239c3b3415b672151337125884", "price_changes": [{"asset_id": "53233529358602879115478722993262404502732073224174276202211965211706009589067", "price": "0.04", "size": "40", "side": "BUY", "hash": "6a8cd38b92077c7aa9ffd4bfe69884ada8ce43dc", "best_bid": "0.16", "best_ask": "0.17"}, {"asset_id": "76350537296247188972152277947349396667408693228883257954471424426267688952517", "price": "0.96", "size": "40", "side": "SELL", "hash": "2643ec44a6755e3ee32af6ba24c5240fe1ca3cdf", "best_bid": "0.83", "best_ask": "0.84"}], "timestamp": "1769384105004", "event_type": "price_change"}}
{"_local_timestamp": "2026-01-25T23:35:05.095932+00:00", "data": {"market": "0x6176cc868c8893cf431ae1e8103d4d4c1fcfcf239c3b3415b672151337125884", "price_changes": [{"asset_id": "53233529358602879115478722993262404502732073224174276202211965211706009589067", "price": "0.02", "size": "2540.01", "side": "BUY", "hash": "6a8cd38b92077c7aa9ffd4bfe69884ada8ce43dc", "best_bid": "0.16", "best_ask": "0.17"}, {"asset_id": "76350537296247188972152277947349396667408693228883257954471424426267688952517", "price": "0.98", "size": "2540.01", "side": "SELL", "hash": "2643ec44a6755e3ee32af6ba24c5240fe1ca3cdf", "best_bid": "0.83", "best_ask": "0.84"}], "timestamp": "1769384105004", "event_type": "price_change"}}
{"_local_timestamp": "2026-01-25T23:35:58.189657+00:00", "data": {"market": "0x6176cc868c8893cf431ae1e8103d4d4c1fcfcf239c3b3415b672151337125884", "price_changes": [{"asset_id": "76350537296247188972152277947349396667408693228883257954471424426267688952517", "price": "0.25", "size": "0", "side": "BUY", "hash": "f547203bd8e4dd0c7ab5bac0f2ec443c98bbca74", "best_bid": "0.83", "best_ask": "0.84"}, {"asset_id": "53233529358602879115478722993262404502732073224174276202211965211706009589067", "price": "0.75", "size": "0", "side": "SELL", "hash": "f01818d99e64911fcb040089a1d4671b447dfbbd", "best_bid": "0.16", "best_ask": "0.17"}], "timestamp": "1769384158072", "event_type": "price_change"}}
