{"_local_timestamp": "2026-01-25T23:33:24.868551+00:00", "data": [{"market": "0xb5fb3fd4dbc7fdc70e3666ed4193e3171ecc257dcd43e01b36dbd4efa01d777e", "asset_id": "57073863691050176858693353000197608096498121614576538982509295418934497382921", "timestamp": "1769384004569", "hash": "a4db46bb06f48011d9e0894c04e4a6954d3aaed6", "bids": [{"price": "0.01", "size": "500"}, {"price": "0.02", "size": "665.09"}, {"price": "0.03", "size": "286.65"}, {"price": "0.04", "size": "103.48"}, {"price": "0.05", "size": "86.11"}, {"price": "0.06", "size": "114.28"}], "asks": [{"price": "0.99", "size": "7509.71"}, {"price": "0.98", "size": "6300"}, {"price": "0.97", "size": "10.14"}, {"price": "0.96", "size": "1250"}, {"price": "0.95", "size": "30"}, {"price": "0.94", "size": "33"}, {"price": "0.93", "size": "1600"}, {"price": "0.91", "size": "400"}, {"price": "0.9", "size": "500"}, {"price": "0.89", "size": "255.43"}, {"price": "0.86", "size": "792.85"}, {"price": "0.82", "size": "182.77"}, {"price": "0.8", "size": "1050"}, {"price": "0.77", "size": "371.73"}, {"price": "0.76", "size": "8"}, {"price": "0.72", "size": "192.85"}, {"price": "0.68", "size": "75"}, {"price": "0.63", "size": "179.05"}, {"price": "0.4", "size": "100"}, {"price": "0.35", "size": "500"}, {"price": "0.3", "size": "500"}, {"price": "0.29", "size": "500"}, {"price": "0.25", "size": "1200"}, {"price": "0.24", "size": "600"}, {"price": "0.23", "size": "405"}, {"price": "0.22", "size": "5"}, {"price": "0.2", "size": "300"}, {"price": "0.19", "size": "298.46"}, {"price": "0.15", "size": "68.46"}, {"price": "0.11", "size": "222.1"}, {"price": "0.1", "size": "188.39"}], "event_type": "book", "last_trade_price": ""}, {"market": "0xb5fb3fd4dbc7fdc70e3666ed4193e3171ecc257dcd43e01b36dbd4efa01d777e", "asset_id": "8786566038915392046446786086504563210301842572125705765733243466035321540191", "timestamp": "1769384004569", "hash": "dfa63e07849ac1fa5665cea95a286d158fba90af", "bids": [{"price": "0.01", "size": "7509.71"}, {"price": "0.02", "size": "6300"}, {"price": "0.03", "size": "10.14"}, {"price": "0.04", "size": "1250"}, {"price": "0.05", "size": "30"}, {"price": "0.06", "size": "33"}, {"price": "0.07", "size": "1600"}, {"price": "0.09", "size": "400"}, {"price": "0.1", "size": "500"}, {"price": "0.11", "size": "255.43"}, {"price": "0.14", "size": "792.85"}, {"price": "0.18", "size": "182.77"}, {"price": "0.2", "size": "1050"}, {"price": "0.23", "size": "371.73"}, {"price": "0.24", "size": "8"}, {"price": "0.28", "size": "192.85"}, {"price": "0.32", "size": "75"}, {"price": "0.37", "size": "179.05"}, {"price": "0.6", "size": "100"}, {"price": "0.65", "size": "500"}, {"price": "0.7", "size": "500"}, {"price": "0.71", "size": "500"}, {"price": "0.75", "size": "1200"}, {"price": "0.76", "size": "600"}, {"price": "0.77", "size": "405"}, {"price": "0.78", "size": "5"}, {"price": "0.8", "size": "300"}, {"price": "0.81", "size": "298.46"}, {"price": "0.85", "size": "68.46"}, {"price": "0.89", "size": "222.1"}, {"price": "0.9", "size": "188.39"}], "asks": [{"price": "0.99", "size": "500"}, {"price": "0.98", "size": "665.09"}, {"price": "0.97", "size": "286.65"}, {"price": "0.96", "size": "103.48"}, {"price": "0.95", "size": "86.11"}, {"price": "0.94", "size": "114.28"}], "event_type": "book", "last_trade_price": ""}]}
{"_local_timestamp": "2026-01-25T23:33:26.497024+00:00", "data": {"market": "0xb5fb3fd4dbc7fdc70e3666ed4193e3171ecc257dcd43e01b36dbd4efa01d777e", "price_changes": [{"asset_id": "8786566038915392046446786086504563210301842572125705765733243466035321540191", "price": "0.18", "size": "177.77", "side": "BUY", "hash": "4397bd4ee943542ca5d3873b2c141a02231c45c4", "best_bid": "0.9", "best_ask": "0.94"}, {"asset_id": "57073863691050176858693353000197608096498121614576538982509295418934497382921", "price": "0.82", "size": "177.77", "side": "SELL", "hash": "b094847a7a7da671fdc23d27edd932dc0c66f911", "best_bid": "0.06", "best_ask": "0.1"}], "timestamp": "1769384006424", "event_type": "price_change"}}
{"_local_timestamp": "2026-01-25T23:33:26.817185+00:00", "data": {"market": "0xb5fb3fd4dbc7fdc70e3666ed4193e3171ecc257dcd43e01b36dbd4efa01d777e", "price_changes": [{"asset_id": "8786566038915392046446786086504563210301842572125705765733243466035321540191", "price": "0.18", "size": "182.77", "side": "BUY", "hash": "c9b4c7fcf02b468f2c55f514489c7c2f529d996e", "best_bid": "0.9", "best_ask": "0.94"}, {"asset_id": "57073863691050176858693353000197608096498121614576538982509295418934497382921", "price": "0.82", "size": "182.77", "side": "SELL", "hash": "b1e7cb70f9f75a35c6cc73a21c88ec09d2c370e1", "best_bid": "0.06", "best_ask": "0.1"}], "timestamp": "1769384006744", "event_type": "price_change"}}
{"_local_timestamp": "2026-01-25T23:33:28.811869+00:00", "data": {"market": "0xb5fb3fd4dbc7fdc70e3666ed4193e3171ecc257dcd43e01b36dbd4efa01d777e", "price_changes": [{"asset_id": "8786566038915392046446786086504563210301842572125705765733243466035321540191", "price": "0.18", "size": "177.77", "side": "BUY", "hash": "a48a4590f9f4a90d44c831d147909966c4d67a65", "best_bid": "0.9", "best_ask": "0.94"}, {"asset_id": "57073863691050176858693353000197608096498121614576538982509295418934497382921", "price": "0.82", "size": "177.77", "side": "SELL", "hash": "ca43bddfefdb17f870bb731e0108ba568bd958ed", "best_bid": "0.06", "best_ask": "0.1"}], "timestamp": "1769384008739", "event_type": "price_change"}}
{"_local_timestamp": "2026-01-25T23:33:29.502769+00:00", "data": {"market": "0xb5fb3fd4dbc7fdc70e3666ed4193e3171ecc257dcd43e01b36dbd4efa01d777e", "price_changes": [{"asset_id": "8786566038915392046446786086504563210301842572125705765733243466035321540191", "price": "0.18", "size": "182.77", "side": "BUY", "hash": "323f3623812a2648e9e69ed731b4d01900404c60", "best_bid": "0.9", "best_ask": "0.94"}, {"asset_id": "57073863691050176858693353000197608096498121614576538982509295418934497382921", "price": "0.82", "size": "182.77", "side": "SELL", "hash": "306b50d5dc7bff48140c24e55ca9d221c9e4565b", "best_bid": "0.06", "best_ask": "0.1"}], "timestamp": "1769384009415", "event_type": "price_change"}}
{"_local_timestamp": "2026-01-25T23:33:30.825349+00:00", "data": {"market": "0xb5fb3fd4dbc7fdc70e3666ed4193e3171ecc257dcd43e01b36dbd4efa01d777e", "price_changes": [{"asset_id": "8786566038915392046446786086504563210301842572125705765733243466035321540191", "price": "0.18", "size": "177.77", "side": "BUY", "hash": "8707e5772fb79ef8ae92ffcb4e10452c3633f4e1", "best_bid": "0.9", "best_ask": "0.94"}, {"asset_id": "57073863691050176858693353000197608096498121614576538982509295418934497382921", "price": "0.82", "size": "177.77", "side": "SELL", "hash": "b5f0a07aa5b65ce4a75aca06d66d964b1c5b9fd9", "best_bid": "0.06", "best_ask": "0.1"}], "timestamp": "1769384010754", "event_type": "price_change"}}
{"_local_timestamp": "2026-01-25T23:33:31.279914+00:00", "data": {"market": "0xb5fb3fd4dbc7fdc70e3666ed4193e3171ecc257dcd43e01b36dbd4efa01d777e", "price_changes": [{"asset_id": "8786566038915392046446786086504563210301842572125705765733243466035321540191", "price": "0.18", "size": "182.77", "side": "BUY", "hash": "d12cc5dad6aabda8b46c9ebf62462fde49b19a6c", "best_bid": "0.9", "best_ask": "0.94"}, {"asset_id": "57073863691050176858693353000197608096498121614576538982509295418934497382921", "price": "0.82", "size": "182.77", "side": "SELL", "hash": "03cd993f98ef29d2ea7e9fb5ccf533a6df110a96", "best_bid": "0.06", "best_ask": "0.1"}], "timestamp": "1769384011206", "event_type": "price_change"}}
