{"_local_timestamp": "2026-01-25T23:40:49.731046+00:00", "data": [{"market": "0x1015d806e33eebde7edb0762f1197051575f6286b5f06261d8e4ff4d34c90697", "asset_id": "38811313559753229260784307238331767267556778943568467360862733466604979911236", "timestamp": "1769384443993", "hash": "579ca382dd28a63b5aaf9d86fe406ba07d1f8d20", "bids": [{"price": "0.01", "size": "113464.21"}, {"price": "0.02", "size": "8500"}, {"price": "0.03", "size": "5000"}, {"price": "0.04", "size": "6656.48"}, {"price": "0.05", "size": "3030"}, {"price": "0.06", "size": "283"}, {"price": "0.09", "size": "600"}, {"price": "0.1", "size": "110"}, {"price": "0.11", "size": "5.44"}, {"price": "0.14", "size": "242.85"}, {"price": "0.15", "size": "1050"}, {"price": "0.16", "size": "1400"}, {"price": "0.19", "size": "168.42"}, {"price": "0.2", "size": "250"}, {"price": "0.23", "size": "965.73"}, {"price": "0.25", "size": "500"}, {"price": "0.28", "size": "2234.37"}, {"price": "0.29", "size": "6"}, {"price": "0.3", "size": "1400"}, {"price": "0.33", "size": "72.72"}, {"price": "0.35", "size": "250"}, {"price": "0.38", "size": "52.63"}, {"price": "0.4", "size": "1625"}, {"price": "0.75", "size": "5000"}, {"price": "0.8", "size": "1010"}, {"price": "0.85", "size": "2000"}, {"price": "0.89", "size": "1010"}, {"price": "0.9", "size": "510"}, {"price": "0.91", "size": "1803.99"}, {"price": "0.92", "size": "3150.75"}, {"price": "0.93", "size": "1270.68"}], "asks": [{"price": "0.99", "size": "112360"}, {"price": "0.98", "size": "65822.5"}, {"price": "0.97", "size": "5766.76"}, {"price": "0.96", "size": "14618.91"}, {"price": "0.95", "size": "4725.14"}, {"price": "0.94", "size": "6136.26"}], "event_type": "book", "last_trade_price": "0.070"}, {"market": "0x1015d806e33eebde7edb0762f1197051575f6286b5f06261d8e4ff4d34c90697", "asset_id": "82529802032104008793771497628671348484656806515683378258614300045698716735954", "timestamp": "1769384443993", "hash": "825335cb757712c545571dcf1c4510d22b323daf", "bids": [{"price": "0.01", "size": "112360"}, {"price": "0.02", "size": "65822.5"}, {"price": "0.03", "size": "5766.76"}, {"price": "0.04", "size": "14618.91"}, {"price": "0.05", "size": "4725.14"}, {"price": "0.06", "size": "6136.26"}], "asks": [{"price": "0.99", "size": "113464.21"}, {"price": "0.98", "size": "8500"}, {"price": "0.97", "size": "5000"}, {"price": "0.96", "size": "6656.48"}, {"price": "0.95", "size": "3030"}, {"price": "0.94", "size": "283"}, {"price": "0.91", "size": "600"}, {"price": "0.9", "size": "110"}, {"price": "0.89", "size": "5.44"}, {"price": "0.86", "size": "242.85"}, {"price": "0.85", "size": "1050"}, {"price": "0.84", "size": "1400"}, {"price": "0.81", "size": "168.42"}, {"price": "0.8", "size": "250"}, {"price": "0.77", "size": "965.73"}, {"price": "0.75", "size": "500"}, {"price": "0.72", "size": "2234.37"}, {"price": "0.71", "size": "6"}, {"price": "0.7", "size": "1400"}, {"price": "0.67", "size": "72.72"}, {"price": "0.65", "size": "250"}, {"price": "0.62", "size": "52.63"}, {"price": "0.6", "size": "1625"}, {"price": "0.25", "size": "5000"}, {"price": "0.2", "size": "1010"}, {"price": "0.15", "size": "2000"}, {"price": "0.11", "size": "1010"}, {"price": "0.1", "size": "510"}, {"price": "0.09", "size": "1803.99"}, {"price": "0.08", "size": "3150.75"}, {"price": "0.07", "size": "1270.68"}], "event_type": "book", "last_trade_price": "0.070"}]}
{"_local_timestamp": "2026-01-25T23:40:53.868636+00:00", "data": {"market": "0x1015d806e33eebde7edb0762f1197051575f6286b5f06261d8e4ff4d34c90697", "price_changes": [{"asset_id": "82529802032104008793771497628671348484656806515683378258614300045698716735954", "price": "0.03", "size": "8866.76", "side": "BUY", "hash": "cb7f3dea402b95ff2a3bf4173bb5c7d92f1e6de9", "best_bid": "0.06", "best_ask": "0.07"}, {"asset_id": "38811313559753229260784307238331767267556778943568467360862733466604979911236", "price": "0.97", "size": "8866.76", "side": "SELL", "hash": "5063add104cbd6b869a8416dbc0d6e7d8363be5a", "best_bid": "0.93", "best_ask": "0.94"}], "timestamp": "1769384453802", "event_type": "price_change"}}
{"_local_timestamp": "2026-01-25T23:40:53.877224+00:00", "data": {"market": "0x1015d806e33eebde7edb0762f1197051575f6286b5f06261d8e4ff4d34c90697", "price_changes": [{"asset_id": "82529802032104008793771497628671348484656806515683378258614300045698716735954", "price": "0.02", "size": "65922.5", "side": "BUY", "hash": "a9a1f173437e484bf88b783becac515f2e45ec47", "best_bid": "0.06", "best_ask": "0.07"}, {"asset_id": "38811313559753229260784307238331767267556778943568467360862733466604979911236", "price": "0.98", "size": "65922.5", "side": "SELL", "hash": "18cb53c5761f51bd980f366041b94f31a4c398e7", "best_bid": "0.93", "best_ask": "0.94"}], "timestamp": "1769384453803", "event_type": "price_change"}}
{"_local_timestamp": "2026-01-25T23:41:06.282588+00:00", "data": {"market": "0x1015d806e33eebde7edb0762f1197051575f6286b5f06261d8e4ff4d34c90697", "price_changes": [{"asset_id": "82529802032104008793771497628671348484656806515683378258614300045698716735954", "price": "0.04", "size": "14418.91", "side": "BUY", "hash": "58d8abbf1183d9ed1d1d86acc91109d9602eb1bd", "best_bid": "0.06", "best_ask": "0.07"}, {"asset_id": "38811313559753229260784307238331767267556778943568467360862733466604979911236", "price": "0.96", "size": "14418.91", "side": "SELL", "hash": "018c8032b4042758f96a94f927335eef81114628", "best_bid": "0.93", "best_ask": "0.94"}], "timestamp": "1769384466195", "event_type": "price_change"}}
{"_local_timestamp": "2026-01-25T23:41:06.349989+00:00", "data": {"market": "0x1015d806e33eebde7edb0762f1197051575f6286b5f06261d8e4ff4d34c90697", "price_changes": [{"asset_id": "38811313559753229260784307238331767267556778943568467360862733466604979911236", "price": "0.91", "size": "1603.99", "side": "BUY", "hash": "ef9d3c5a912ffda2b4c46a1cf96d7d24d1408564", "best_bid": "0.93", "best_ask": "0.94"}, {"asset_id": "82529802032104008793771497628671348484656806515683378258614300045698716735954", "price": "0.09", "size": "1603.99", "side": "SELL", "hash": "c59bab5ea96576999189929131db51204000f2d0", "best_bid": "0.06", "best_ask": "0.07"}], "timestamp": "1769384466200", "event_type": "price_change"}}
{"_local_timestamp": "2026-01-25T23:41:14.707682+00:00", "data": {"market": "0x1015d806e33eebde7edb0762f1197051575f6286b5f06261d8e4ff4d34c90697", "price_changes": [{"asset_id": "38811313559753229260784307238331767267556778943568467360862733466604979911236", "price": "0.3", "size": "0", "side": "BUY", "hash": "7be8eb7b65f7f7ab4de18489a841fd2eb0aefa38", "best_bid": "0.93", "best_ask": "0.94"}, {"asset_id": "82529802032104008793771497628671348484656806515683378258614300045698716735954", "price": "0.7", "size": "0", "side": "SELL", "hash": "878db83ce50fdfc6938532840ad31eb7988582cd", "best_bid": "0.06", "best_ask": "0.07"}], "timestamp": "1769384474531", "event_type": "price_change"}}
{"_local_timestamp": "2026-01-25T23:41:27.417431+00:00", "data": {"market": "0x1015d806e33eebde7edb0762f1197051575f6286b5f06261d8e4ff4d34c90697", "price_changes": [{"asset_id": "38811313559753229260784307238331767267556778943568467360862733466604979911236", "price": "0.91", "size": "1803.99", "side": "BUY", "hash": "faafb4ef89500b145d6833c4c4a72ce3c3606ccd", "best_bid": "0.93", "best_ask": "0.94"}, {"asset_id": "82529802032104008793771497628671348484656806515683378258614300045698716735954", "price": "0.09", "size": "1803.99", "side": "SELL", "hash": "9b72bc0615f3ae5f6a4aac25353c621fea471eb0", "best_bid": "0.06", "best_ask": "0.07"}], "timestamp": "1769384487342", "event_type": "price_change"}}
{"_local_timestamp": "2026-01-25T23:41:43.291331+00:00", "data": {"market": "0x1015d806e33eebde7edb0762f1197051575f6286b5f06261d8e4ff4d34c90697", "price_changes": [{"asset_id": "82529802032104008793771497628671348484656806515683378258614300045698716735954", "price": "0.04", "size": "14618.91", "side": "BUY", "hash": "79737a91167be9616ab111317d4fb612924e85d2", "best_bid": "0.06", "best_ask": "0.07"}, {"asset_id": "38811313559753229260784307238331767267556778943568467360862733466604979911236", "price": "0.96", "size": "14618.91", "side": "SELL", "hash": "bca5f3149e56c3998ea3c4eb2a48bd59fb12d02a", "best_bid": "0.93", "best_ask": "0.94"}], "timestamp": "1769384503219", "event_type": "price_change"}}
{"_local_timestamp": "2026-01-25T23:41:46.048767+00:00", "data": {"market": "0x1015d806e33eebde7edb0762f1197051575f6286b5f06261d8e4ff4d34c90697", "price_changes": [{"asset_id": "38811313559753229260784307238331767267556778943568467360862733466604979911236", "price": "0.29", "size": "1454", "side": "BUY", "hash": "8f0907169ff02f6961a62650711ffc0acc9666a9", "best_bid": "0.93", "best_ask": "0.94"}, {"asset_id": "82529802032104008793771497628671348484656806515683378258614300045698716735954", "price": "0.71", "size": "1454", "side": "SELL", "hash": "820daa1fc8a25468c6174d7e356ee2b723f8a7f8", "best_bid": "0.06", "best_ask": "0.07"}], "timestamp": "1769384505977", "event_type": "price_change"}}
{"_local_timestamp": "2026-01-25T23:42:47.133911+00:00", "data": {"market": "0x1015d806e33eebde7edb0762f1197051575f6286b5f06261d8e4ff4d34c90697", "price_changes": [{"asset_id": "38811313559753229260784307238331767267556778943568467360862733466604979911236", "price": "0.29", "size": "6", "side": "BUY", "hash": "ee5ed3e9edce101d65763b26c8278613e012b65f", "best_bid": "0.93", "best_ask": "0.94"}, {"asset_id": "82529802032104008793771497628671348484656806515683378258614300045698716735954", "price": "0.71", "size": "6", "side": "SELL", "hash": "b7d35a39fed22d03c592687937f5fb3a1f681cb4", "best_bid": "0.06", "best_ask": "0.07"}], "timestamp": "1769384566988", "event_type": "price_change"}}
{"_local_timestamp": "2026-01-25T23:42:54.160158+00:00", "data": {"market": "0x1015d806e33eebde7edb0762f1197051575f6286b5f06261d8e4ff4d34c90697", "price_changes": [{"asset_id": "82529802032104008793771497628671348484656806515683378258614300045698716735954", "price": "0.02", "size": "65905", "side": "BUY", "hash": "51941e96b8751840bbab8d39fe144bc3e0def4a3", "best_bid": "0.06", "best_ask": "0.07"}, {"asset_id": "38811313559753229260784307238331767267556778943568467360862733466604979911236", "price": "0.98", "size": "65905", "side": "SELL", "hash": "d1b89ebc84c328c1db1e0f136aa0c252529191e3", "best_bid": "0.93", "best_ask": "0.94"}], "timestamp": "1769384574057", "event_type": "price_change"}}
{"_local_timestamp": "2026-01-25T23:42:54.160536+00:00", "data": {"market": "0x1015d806e33eebde7edb0762f1197051575f6286b5f06261d8e4ff4d34c90697", "price_changes": [{"asset_id": "82529802032104008793771497628671348484656806515683378258614300045698716735954", "price": "0.03", "size": "8855.66", "side": "BUY", "hash": "51941e96b8751840bbab8d39fe144bc3e0def4a3", "best_bid": "0.06", "best_ask": "0.07"}, {"asset_id": "38811313559753229260784307238331767267556778943568467360862733466604979911236", "price": "0.97", "size": "8855.66", "side": "SELL", "hash": "d1b89ebc84c328c1db1e0f136aa0c252529191e3", "best_bid": "0.93", "best_ask": "0.94"}], "timestamp": "1769384574057", "event_type": "price_change"}}
{"_local_timestamp": "2026-01-25T23:42:54.160865+00:00", "data": {"market": "0x1015d806e33eebde7edb0762f1197051575f6286b5f06261d8e4ff4d34c90697", "price_changes": [{"asset_id": "82529802032104008793771497628671348484656806515683378258614300045698716735954", "price": "0.04", "size": "14611", "side": "BUY", "hash": "51941e96b8751840bbab8d39fe144bc3e0def4a3", "best_bid": "0.06", "best_ask": "0.07"}, {"asset_id": "38811313559753229260784307238331767267556778943568467360862733466604979911236", "price": "0.96", "size": "14611", "side": "SELL", "hash": "d1b89ebc84c328c1db1e0f136aa0c252529191e3", "best_bid": "0.93", "best_ask": "0.94"}], "timestamp": "1769384574057", "event_type": "price_change"}}
{"_local_timestamp": "2026-01-25T23:42:54.847423+00:00", "data": {"market": "0x1015d806e33eebde7edb0762f1197051575f6286b5f06261d8e4ff4d34c90697", "price_changes": [{"asset_id": "82529802032104008793771497628671348484656806515683378258614300045698716735954", "price": "0.03", "size": "8866.76", "side": "BUY", "hash": "6969a1583b794fdcf4de85b0aebb8261c02fb430", "best_bid": "0.06", "best_ask": "0.07"}, {"asset_id": "38811313559753229260784307238331767267556778943568467360862733466604979911236", "price": "0.97", "size": "8866.76", "side": "SELL", "hash": "d89398d60cd998c67f12fe038c5ac1d5b599cf71", "best_bid": "0.93", "best_ask": "0.94"}], "timestamp": "1769384574746", "event_type": "price_change"}}
{"_local_timestamp": "2026-01-25T23:42:54.848298+00:00", "data": {"market": "0x1015d806e33eebde7edb0762f1197051575f6286b5f06261d8e4ff4d34c90697", "price_changes": [{"asset_id": "82529802032104008793771497628671348484656806515683378258614300045698716735954", "price": "0.04", "size": "14618.91", "side": "BUY", "hash": "4f9addc3fe2b71f120ae42dd557ff7da23b8a3b7", "best_bid": "0.06", "best_ask": "0.07"}, {"asset_id": "38811313559753229260784307238331767267556778943568467360862733466604979911236", "price": "0.96", "size": "14618.91", "side": "SELL", "hash": "f6f84501684af308d78fe5bf815a49946b709dd4", "best_bid": "0.93", "best_ask": "0.94"}], "timestamp": "1769384574747", "event_type": "price_change"}}
{"_local_timestamp": "2026-01-25T23:42:54.848762+00:00", "data": {"market": "0x1015d806e33eebde7edb0762f1197051575f6286b5f06261d8e4ff4d34c90697", "price_changes": [{"asset_id": "82529802032104008793771497628671348484656806515683378258614300045698716735954", "price": "0.02", "size": "65922.5", "side": "BUY", "hash": "83d9cfea03082de3c9df9584a1f24e56a37d8674", "best_bid": "0.06", "best_ask": "0.07"}, {"asset_id": "38811313559753229260784307238331767267556778943568467360862733466604979911236", "price": "0.98", "size": "65922.5", "side": "SELL", "hash": "5659f9adf3ab89ba4ab893a55580072f5e38dff0", "best_bid": "0.93", "best_ask": "0.94"}], "timestamp": "1769384574748", "event_type": "price_change"}}
{"_local_timestamp": "2026-01-25T23:43:52.345379+00:00", "data": {"market": "0x1015d806e33eebde7edb0762f1197051575f6286b5f06261d8e4ff4d34c90697", "price_changes": [{"asset_id": "38811313559753229260784307238331767267556778943568467360862733466604979911236", "price": "0.3", "size": "1400", "side": "BUY", "hash": "eafb09f9efbc43d619654ded0acf913750445480", "best_bid": "0.93", "best_ask": "0.94"}, {"asset_id": "82529802032104008793771497628671348484656806515683378258614300045698716735954", "price": "0.7", "size": "1400", "side": "SELL", "hash": "1497a44902c5722c730b316b70ccc94dcc2c94f3", "best_bid": "0.06", "best_ask": "0.07"}], "timestamp": "1769384630578", "event_type": "price_change"}}
{"_local_timestamp": "2026-01-25T23:44:32.399230+00:00", "data": {"market": "0x1015d806e33eebde7edb0762f1197051575f6286b5f06261d8e4ff4d34c90697", "price_changes": [{"asset_id": "38811313559753229260784307238331767267556778943568467360862733466604979911236", "price": "0.3", "size": "0", "side": "BUY", "hash": "2363c3fade2622d27b7711767e763b62b0b06a24", "best_bid": "0.93", "best_ask": "0.94"}, {"asset_id": "82529802032104008793771497628671348484656806515683378258614300045698716735954", "price": "0.7", "size": "0", "side": "SELL", "hash": "6273bca5b8911e7a1d5e0a3920a06dc57dc573f4", "best_bid": "0.06", "best_ask": "0.07"}], "timestamp": "1769384672292", "event_type": "price_change"}}
{"_local_timestamp": "2026-01-25T23:44:55.080598+00:00", "data": {"market": "0x1015d806e33eebde7edb0762f1197051575f6286b5f06261d8e4ff4d34c90697", "price_changes": [{"asset_id": "82529802032104008793771497628671348484656806515683378258614300045698716735954", "price": "0.02", "size": "57122.5", "side": "BUY", "hash": "6a91d151c41645ef789e0c12b68d791510d60065", "best_bid": "0.06", "best_ask": "0.07"}, {"asset_id": "38811313559753229260784307238331767267556778943568467360862733466604979911236", "price": "0.98", "size": "57122.5", "side": "SELL", "hash": "67c59a9cafcd948e63754a27ea0a19c3e5ce4e39", "best_bid": "0.93", "best_ask": "0.94"}], "timestamp": "1769384695003", "event_type": "price_change"}}
{"_local_timestamp": "2026-01-25T23:45:03.492847+00:00", "data": {"market": "0x1015d806e33eebde7edb0762f1197051575f6286b5f06261d8e4ff4d34c90697", "price_changes": [{"asset_id": "82529802032104008793771497628671348484656806515683378258614300045698716735954", "price": "0.02", "size": "65922.5", "side": "BUY", "hash": "7c6247e9c9d7465b5814c4de99249a9286051d70", "best_bid": "0.06", "best_ask": "0.07"}, {"asset_id": "38811313559753229260784307238331767267556778943568467360862733466604979911236", "price": "0.98", "size": "65922.5", "side": "SELL", "hash": "b73c3c625f1b1b42ca47802a0af8920bf83f1998", "best_bid": "0.93", "best_ask": "0.94"}], "timestamp": "1769384703422", "event_type": "price_change"}}
{"_local_timestamp": "2026-01-25T23:45:24.700077+00:00", "data": {"market": "0x1015d806e33eebde7edb0762f1197051575f6286b5f06261d8e4ff4d34c90697", "price_changes": [{"asset_id": "38811313559753229260784307238331767267556778943568467360862733466604979911236", "price": "0.29", "size": "1454", "side": "BUY", "hash": "1c94b546b931536287c3dd7a922a1fad51324f36", "best_bid": "0.93", "best_ask": "0.94"}, {"asset_id": "82529802032104008793771497628671348484656806515683378258614300045698716735954", "price": "0.71", "size": "1454", "side": "SELL", "hash": "7d8089ba5daae7690aa9ed338bc91a174ca5fb35", "best_bid": "0.06", "best_ask": "0.07"}], "timestamp": "1769384724634", "event_type": "price_change"}}
{"_local_timestamp": "2026-01-25T23:46:10.537717+00:00", "data": {"market": "0x1015d806e33eebde7edb0762f1197051575f6286b5f06261d8e4ff4d34c90697", "price_changes": [{"asset_id": "38811313559753229260784307238331767267556778943568467360862733466604979911236", "price": "0.29", "size": "6", "side": "BUY", "hash": "e1e2847e2c225652f13b4066261d834bf37d8cd7", "best_bid": "0.93", "best_ask": "0.94"}, {"asset_id": "82529802032104008793771497628671348484656806515683378258614300045698716735954", "price": "0.71", "size": "6", "side": "SELL", "hash": "4043ba71e003db5ee8879e1032daddaeaa41aae5", "best_bid": "0.06", "best_ask": "0.07"}], "timestamp": "1769384770459", "event_type": "price_change"}}
{"_local_timestamp": "2026-01-25T23:46:11.586828+00:00", "data": {"market": "0x1015d806e33eebde7edb0762f1197051575f6286b5f06261d8e4ff4d34c90697", "price_changes": [{"asset_id": "82529802032104008793771497628671348484656806515683378258614300045698716735954", "price": "0.02", "size": "65972.5", "side": "BUY", "hash": "2721b185a71549dc349194320ab6ebe18740aead", "best_bid": "0.06", "best_ask": "0.07"}, {"asset_id": "38811313559753229260784307238331767267556778943568467360862733466604979911236", "price": "0.98", "size": "65972.5", "side": "SELL", "hash": "7eb906594cba84e8606fa8360f58296cb83b5f7d", "best_bid": "0.93", "best_ask": "0.94"}], "timestamp": "1769384771515", "event_type": "price_change"}}
{"_local_timestamp": "2026-01-25T23:46:41.095180+00:00", "data": {"market": "0x1015d806e33eebde7edb0762f1197051575f6286b5f06261d8e4ff4d34c90697", "price_changes": [{"asset_id": "82529802032104008793771497628671348484656806515683378258614300045698716735954", "price": "0.03", "size": "8832.76", "side": "BUY", "hash": "a7cdf95e0c6f7d903d4cd75165710327574096fa", "best_bid": "0.06", "best_ask": "0.07"}, {"asset_id": "38811313559753229260784307238331767267556778943568467360862733466604979911236", "price": "0.97", "size": "8832.76", "side": "SELL", "hash": "cc7398e530ab3233f813dc6f003dc30b5b619796", "best_bid": "0.93", "best_ask": "0.94"}], "timestamp": "1769384801000", "event_type": "price_change"}}
{"_local_timestamp": "2026-01-25T23:46:41.102966+00:00", "data": {"market": "0x1015d806e33eebde7edb0762f1197051575f6286b5f06261d8e4ff4d34c90697", "price_changes": [{"asset_id": "82529802032104008793771497628671348484656806515683378258614300045698716735954", "price": "0.02", "size": "65572.5", "side": "BUY", "hash": "a61519216d6d0f297e7c255735fb69b6e50ee556", "best_bid": "0.06", "best_ask": "0.07"}, {"asset_id": "38811313559753229260784307238331767267556778943568467360862733466604979911236", "price": "0.98", "size": "65572.5", "side": "SELL", "hash": "f40d462b4f7726380cf50171052afd9b1b4efe89", "best_bid": "0.93", "best_ask": "0.94"}], "timestamp": "1769384801003", "event_type": "price_change"}}
{"_local_timestamp": "2026-01-25T23:46:43.568623+00:00", "data": {"market": "0x1015d806e33eebde7edb0762f1197051575f6286b5f06261d8e4ff4d34c90697", "price_changes": [{"asset_id": "82529802032104008793771497628671348484656806515683378258614300045698716735954", "price": "0.02", "size": "65972.5", "side": "BUY", "hash": "426560af375575ee265a6d2e54aa8571192adc9d", "best_bid": "0.06", "best_ask": "0.07"}, {"asset_id": "38811313559753229260784307238331767267556778943568467360862733466604979911236", "price": "0.98", "size": "65972.5", "side": "SELL", "hash": "12dfd9ba609594b7ce92743ed716180e06d4c047", "best_bid": "0.93", "best_ask": "0.94"}], "timestamp": "1769384803376", "event_type": "price_change"}}
{"_local_timestamp": "2026-01-25T23:46:43.570549+00:00", "data": {"market": "0x1015d806e33eebde7edb0762f1197051575f6286b5f06261d8e4ff4d34c90697", "price_changes": [{"asset_id": "82529802032104008793771497628671348484656806515683378258614300045698716735954", "price": "0.03", "size": "8866.76", "side": "BUY", "hash": "0460753f85f69771e6f2dd2efa2d65957bb559d7", "best_bid": "0.06", "best_ask": "0.07"}, {"asset_id": "38811313559753229260784307238331767267556778943568467360862733466604979911236", "price": "0.97", "size": "8866.76", "side": "SELL", "hash": "11f5ee439fbee6ab48acfebf25550bc0f71a3433", "best_bid": "0.93", "best_ask": "0.94"}], "timestamp": "1769384803380", "event_type": "price_change"}}
{"_local_timestamp": "2026-01-25T23:46:44.348230+00:00", "data": {"market": "0x1015d806e33eebde7edb0762f1197051575f6286b5f06261d8e4ff4d34c90697", "price_changes": [{"asset_id": "38811313559753229260784307238331767267556778943568467360862733466604979911236", "price": "0.3", "size": "1400", "side": "BUY", "hash": "1ff1c25c3929c9bb86600df5fd7c9c89ffd2b2d0", "best_bid": "0.93", "best_ask": "0.94"}, {"asset_id": "82529802032104008793771497628671348484656806515683378258614300045698716735954", "price": "0.7", "size": "1400", "side": "SELL", "hash": "56bfe29ffd241292fbdcf2daa33248e36c93db1c", "best_bid": "0.06", "best_ask": "0.07"}], "timestamp": "1769384804278", "event_type": "price_change"}}
{"_local_timestamp": "2026-01-25T23:46:55.862336+00:00", "data": {"market": "0x1015d806e33eebde7edb0762f1197051575f6286b5f06261d8e4ff4d34c90697", "price_changes": [{"asset_id": "82529802032104008793771497628671348484656806515683378258614300045698716735954", "price": "0.02", "size": "65955", "side": "BUY", "hash": "65ce22ce8f8db62a954d28f9862208281aec3d27", "best_bid": "0.06", "best_ask": "0.07"}, {"asset_id": "38811313559753229260784307238331767267556778943568467360862733466604979911236", "price": "0.98", "size": "65955", "side": "SELL", "hash": "d8b0488095d17eeb686606e91cea93e6bbe8dbbd", "best_bid": "0.93", "best_ask": "0.94"}], "timestamp": "1769384815794", "event_type": "price_change"}}
{"_local_timestamp": "2026-01-25T23:46:55.862747+00:00", "data": {"market": "0x1015d806e33eebde7edb0762f1197051575f6286b5f06261d8e4ff4d34c90697", "price_changes": [{"asset_id": "82529802032104008793771497628671348484656806515683378258614300045698716735954", "price": "0.03", "size": "8855.66", "side": "BUY", "hash": "65ce22ce8f8db62a954d28f9862208281aec3d27", "best_bid": "0.06", "best_ask": "0.07"}, {"asset_id": "38811313559753229260784307238331767267556778943568467360862733466604979911236", "price": "0.97", "size": "8855.66", "side": "SELL", "hash": "d8b0488095d17eeb686606e91cea93e6bbe8dbbd", "best_bid": "0.93", "best_ask": "0.94"}], "timestamp": "1769384815794", "event_type": "price_change"}}
{"_local_timestamp": "2026-01-25T23:46:55.867520+00:00", "data": {"market": "0x1015d806e33eebde7edb0762f1197051575f6286b5f06261d8e4ff4d34c90697", "price_changes": [{"asset_id": "82529802032104008793771497628671348484656806515683378258614300045698716735954", "price": "0.04", "size": "14611", "side": "BUY", "hash": "65ce22ce8f8db62a954d28f9862208281aec3d27", "best_bid": "0.06", "best_ask": "0.07"}, {"asset_id": "38811313559753229260784307238331767267556778943568467360862733466604979911236", "price": "0.96", "size": "14611", "side": "SELL", "hash": "d8b0488095d17eeb686606e91cea93e6bbe8dbbd", "best_bid": "0.93", "best_ask": "0.94"}], "timestamp": "1769384815794", "event_type": "price_change"}}
{"_local_timestamp": "2026-01-25T23:46:56.360323+00:00", "data": {"market": "0x1015d806e33eebde7edb0762f1197051575f6286b5f06261d8e4ff4d34c90697", "price_changes": [{"asset_id": "82529802032104008793771497628671348484656806515683378258614300045698716735954", "price": "0.03", "size": "8866.76", "side": "BUY", "hash": "25814a12a2fc9ff3be1050947cbecae9fc0e57b1", "best_bid": "0.06", "best_ask": "0.07"}, {"asset_id": "38811313559753229260784307238331767267556778943568467360862733466604979911236", "price": "0.97", "size": "8866.76", "side": "SELL", "hash": "45edfb69003faefcbe687d43b0ddcbdf11b38373", "best_bid": "0.93", "best_ask": "0.94"}], "timestamp": "1769384816274", "event_type": "price_change"}}
{"_local_timestamp": "2026-01-25T23:46:56.361119+00:00", "data": {"market": "0x1015d806e33eebde7edb0762f1197051575f6286b5f06261d8e4ff4d34c90697", "price_changes": [{"asset_id": "82529802032104008793771497628671348484656806515683378258614300045698716735954", "price": "0.02", "size": "65972.5", "side": "BUY", "hash": "15184d4ac9758d679de2f5c9bfd604432353ef0e", "best_bid": "0.06", "best_ask": "0.07"}, {"asset_id": "38811313559753229260784307238331767267556778943568467360862733466604979911236", "price": "0.98", "size": "65972.5", "side": "SELL", "hash": "d05b9e1cf46729ff987f5addb354e231c42e0de7", "best_bid": "0.93", "best_ask": "0.94"}], "timestamp": "1769384816276", "event_type": "price_change"}}
{"_local_timestamp": "2026-01-25T23:46:56.361834+00:00", "data": {"market": "0x1015d806e33eebde7edb0762f1197051575f6286b5f06261d8e4ff4d34c90697", "price_changes": [{"asset_id": "82529802032104008793771497628671348484656806515683378258614300045698716735954", "price": "0.04", "size": "14618.91", "side": "BUY", "hash": "98868527e67c3716d5ab7cb6084a2753f9708525", "best_bid": "0.06", "best_ask": "0.07"}, {"asset_id": "38811313559753229260784307238331767267556778943568467360862733466604979911236", "price": "0.96", "size": "14618.91", "side": "SELL", "hash": "6bbd827e9945c5336fb2bd7c390b33d07f958f58", "best_bid": "0.93", "best_ask": "0.94"}], "timestamp": "1769384816277", "event_type": "price_change"}}
{"_local_timestamp": "2026-01-25T23:47:14.105143+00:00", "data": {"market": "0x1015d806e33eebde7edb0762f1197051575f6286b5f06261d8e4ff4d34c90697", "price_changes": [{"asset_id": "82529802032104008793771497628671348484656806515683378258614300045698716735954", "price": "0.08", "size": "2950.75", "side": "SELL", "hash": "ceacbc7d6c31557690c035164a7bde0c7602e665", "best_bid": "0.06", "best_ask": "0.07"}, {"asset_id": "38811313559753229260784307238331767267556778943568467360862733466604979911236", "price": "0.92", "size": "2950.75", "side": "BUY", "hash": "bcc3cc3257284677763761a9f93cfda0b48f40f9", "best_bid": "0.93", "best_ask": "0.94"}], "timestamp": "1769384834000", "event_type": "price_change"}}
{"_local_timestamp": "2026-01-25T23:47:14.128454+00:00", "data": {"market": "0x1015d806e33eebde7edb0762f1197051575f6286b5f06261d8e4ff4d34c90697", "price_changes": [{"asset_id": "82529802032104008793771497628671348484656806515683378258614300045698716735954", "price": "0.05", "size": "4525.14", "side": "BUY", "hash": "68c0517cc8b1648b8b8fca7b128fc49976e7aa1b", "best_bid": "0.06", "best_ask": "0.07"}, {"asset_id": "38811313559753229260784307238331767267556778943568467360862733466604979911236", "price": "0.95", "size": "4525.14", "side": "SELL", "hash": "756e898adbf41498e313cc50a14493dac0e1cf5f", "best_bid": "0.93", "best_ask": "0.94"}], "timestamp": "1769384834003", "event_type": "price_change"}}
{"_local_timestamp": "2026-01-25T23:47:22.848896+00:00", "data": {"market": "0x1015d806e33eebde7edb0762f1197051575f6286b5f06261d8e4ff4d34c90697", "price_changes": [{"asset_id": "82529802032104008793771497628671348484656806515683378258614300045698716735954", "price": "0.08", "size": "3150.75", "side": "SELL", "hash": "d117cf4c6441d8e8313ceec1c73b991dd52f77b9", "best_bid": "0.06", "best_ask": "0.07"}, {"asset_id": "38811313559753229260784307238331767267556778943568467360862733466604979911236", "price": "0.92", "size": "3150.75", "side": "BUY", "hash": "7735b4831e7fdacc85eeb42d94eaa64d412a7559", "best_bid": "0.93", "best_ask": "0.94"}], "timestamp": "1769384842781", "event_type": "price_change"}}
{"_local_timestamp": "2026-01-25T23:47:22.852535+00:00", "data": {"market": "0x1015d806e33eebde7edb0762f1197051575f6286b5f06261d8e4ff4d34c90697", "price_changes": [{"asset_id": "82529802032104008793771497628671348484656806515683378258614300045698716735954", "price": "0.05", "size": "4725.14", "side": "BUY", "hash": "11143463dc2d3bfadf397819865ddffa7537d33b", "best_bid": "0.06", "best_ask": "0.07"}, {"asset_id": "38811313559753229260784307238331767267556778943568467360862733466604979911236", "price": "0.95", "size": "4725.14", "side": "SELL", "hash": "ba4cf6b8bda017543b7a8e86156cd943014ed900", "best_bid": "0.93", "best_ask": "0.94"}], "timestamp": "1769384842782", "event_type": "price_change"}}
