{"_local_timestamp": "2026-01-25T23:33:24.817130+00:00", "data": [{"market": "0x72ca8ef7542b1a6fa0b7b450f7cdfeb5258fd8b1eae22c983f54383be2f6c919", "asset_id": "76613211877461897956877193083296729657210589573354381360063564192772132938216", "timestamp": "1769383901913", "hash": "1a4dc591d5acdcd07606e4238d4e7b1e83e27920", "bids": [{"price": "0.001", "size": "2745.21"}, {"price": "0.002", "size": "255.22"}, {"price": "0.003", "size": "400"}, {"price": "0.004", "size": "8.94"}, {"price": "0.006", "size": "200"}, {"price": "0.01", "size": "2000"}, {"price": "0.011", "size": "6.1"}, {"price": "0.02", "size": "1000"}, {"price": "0.021", "size": "300"}, {"price": "0.022", "size": "300"}, {"price": "0.023", "size": "200"}, {"price": "0.024", "size": "66.66"}, {"price": "0.025", "size": "6.1"}, {"price": "0.05", "size": "30"}, {"price": "0.051", "size": "39"}, {"price": "0.057", "size": "6"}, {"price": "0.059", "size": "33"}, {"price": "0.06", "size": "12.14"}, {"price": "0.333", "size": "66.66"}, {"price": "0.41", "size": "194.76"}, {"price": "0.639", "size": "50"}, {"price": "0.642", "size": "4.26"}, {"price": "0.643", "size": "66.66"}], "asks": [{"price": "0.999", "size": "8936.23"}, {"price": "0.998", "size": "33757.13"}, {"price": "0.997", "size": "3009.44"}, {"price": "0.996", "size": "2000"}, {"price": "0.995", "size": "68.68"}, {"price": "0.97", "size": "500"}, {"price": "0.969", "size": "305.54"}, {"price": "0.968", "size": "300"}, {"price": "0.967", "size": "200"}, {"price": "0.966", "size": "150.63"}, {"price": "0.959", "size": "50"}, {"price": "0.957", "size": "10"}, {"price": "0.956", "size": "9.81"}, {"price": "0.941", "size": "50.63"}, {"price": "0.916", "size": "60.73"}, {"price": "0.915", "size": "31"}], "event_type": "book", "last_trade_price": ""}, {"market": "0x24947f7def6c5367f76b0eb0c86a138b1f11329f04d40a16e4e410d2377dab82", "asset_id": "55110908028538214653328859112241994641886674600298901915927398975673989306061", "timestamp": "1769383875741", "hash": "8b27f482ecd38bcfe118910b1613583e3dbdb5c9", "bids": [{"price": "0.01", "size": "1013.93"}, {"price": "0.02", "size": "500"}, {"price": "0.03", "size": "324"}, {"price": "0.04", "size": "200"}, {"price": "0.05", "size": "186.66"}, {"price": "0.06", "size": "33"}, {"price": "0.07", "size": "8.86"}, {"price": "0.13", "size": "66.66"}, {"price": "0.14", "size": "92.85"}, {"price": "0.15", "size": "73.33"}, {"price": "0.16", "size": "40"}, {"price": "0.18", "size": "5"}, {"price": "0.19", "size": "105"}, {"price": "0.2", "size": "15"}, {"price": "0.21", "size": "16"}, {"price": "0.22", "size": "66.66"}], "asks": [{"price": "0.99", "size": "480.51"}, {"price": "0.98", "size": "12.85"}, {"price": "0.97", "size": "66.66"}, {"price": "0.96", "size": "5.81"}, {"price": "0.95", "size": "37"}, {"price": "0.94", "size": "71.79"}], "event_type": "book", "last_trade_price": ""}, {"market": "0x24947f7def6c5367f76b0eb0c86a138b1f11329f04d40a16e4e410d2377dab82", "asset_id": "5742531546260445790242003076018948306369004964339252403688815504905286487067", "timestamp": "1769383875741", "hash": "f004b7effa0cc99727d51fc199d4359a6f02462e", "bids": [{"price": "0.01", "size": "480.51"}, {"price": "0.02", "size": "12.85"}, {"price": "0.03", "size": "66.66"}, {"price": "0.04", "size": "5.81"}, {"price": "0.05", "size": "37"}, {"price": "0.06", "size": "71.79"}], "asks": [{"price": "0.99", "size": "1013.93"}, {"price": "0.98", "size": "500"}, {"price": "0.97", "size": "324"}, {"price": "0.96", "size": "200"}, {"price": "0.95", "size": "186.66"}, {"price": "0.94", "size": "33"}, {"price": "0.93", "size": "8.86"}, {"price": "0.87", "size": "66.66"}, {"price": "0.86", "size": "92.85"}, {"price": "0.85", "size": "73.33"}, {"price": "0.84", "size": "40"}, {"price": "0.82", "size": "5"}, {"price": "0.81", "size": "105"}, {"price": "0.8", "size": "15"}, {"price": "0.79", "size": "16"}, {"price": "0.78", "size": "66.66"}], "event_type": "book", "last_trade_price": ""}, {"market": "0x72ca8ef7542b1a6fa0b7b450f7cdfeb5258fd8b1eae22c983f54383be2f6c919", "asset_id": "75752636549364191894673595163507418706383469403565798321089011015069400088393", "timestamp": "1769383901913", "hash": "61ad538e8ceb641c80b522c58e028f3e5c125040", "bids": [{"price": "0.001", "size": "8936.23"}, {"price": "0.002", "size": "33757.13"}, {"price": "0.003", "size": "3009.44"}, {"price": "0.004", "size": "2000"}, {"price": "0.005", "size": "68.68"}, {"price": "0.03", "size": "500"}, {"price": "0.031", "size": "305.54"}, {"price": "0.032", "size": "300"}, {"price": "0.033", "size": "200"}, {"price": "0.034", "size": "150.63"}, {"price": "0.041", "size": "50"}, {"price": "0.043", "size": "10"}, {"price": "0.044", "size": "9.81"}, {"price": "0.059", "size": "50.63"}, {"price": "0.084", "size": "60.73"}, {"price": "0.085", "size": "31"}], "asks": [{"price": "0.999", "size": "2745.21"}, {"price": "0.998", "size": "255.22"}, {"price": "0.997", "size": "400"}, {"price": "0.996", "size": "8.94"}, {"price": "0.994", "size": "200"}, {"price": "0.99", "size": "2000"}, {"price": "0.989", "size": "6.1"}, {"price": "0.98", "size": "1000"}, {"price": "0.979", "size": "300"}, {"price": "0.978", "size": "300"}, {"price": "0.977", "size": "200"}, {"price": "0.976", "size": "66.66"}, {"price": "0.975", "size": "6.1"}, {"price": "0.95", "size": "30"}, {"price": "0.949", "size": "39"}, {"price": "0.943", "size": "6"}, {"price": "0.941", "size": "33"}, {"price": "0.94", "size": "12.14"}, {"price": "0.667", "size": "66.66"}, {"price": "0.59", "size": "194.76"}, {"price": "0.361", "size": "50"}, {"price": "0.358", "size": "4.26"}, {"price": "0.357", "size": "66.66"}], "event_type": "book", "last_trade_price": ""}]}
{"_local_timestamp": "2026-01-25T23:35:13.529076+00:00", "data": {"market": "0x72ca8ef7542b1a6fa0b7b450f7cdfeb5258fd8b1eae22c983f54383be2f6c919", "price_changes": [{"asset_id": "75752636549364191894673595163507418706383469403565798321089011015069400088393", "price": "0.034", "size": "50.63", "side": "BUY", "hash": "f92209173a12ac624c7e8fcac42a65046dbc587a", "best_bid": "0.085", "best_ask": "0.357"}, {"asset_id": "76613211877461897956877193083296729657210589573354381360063564192772132938216", "price": "0.966", "size": "50.63", "side": "SELL", "hash": "02f59a220fa4f51ece3d182e676c70814f8766ca", "best_bid": "0.643", "best_ask": "0.915"}], "timestamp": "1769384113239", "event_type": "price_change"}}
{"_local_timestamp": "2026-01-25T23:35:13.940754+00:00", "data": {"market": "0x72ca8ef7542b1a6fa0b7b450f7cdfeb5258fd8b1eae22c983f54383be2f6c919", "price_changes": [{"asset_id": "75752636549364191894673595163507418706383469403565798321089011015069400088393", "price": "0.033", "size": "300", "side": "BUY", "hash": "28f1db13df4884ff99a132d92925a62991f6709b", "best_bid": "0.085", "best_ask": "0.357"}, {"asset_id": "76613211877461897956877193083296729657210589573354381360063564192772132938216", "price": "0.967", "size": "300", "side": "SELL", "hash": "a0c143581693d02bdfede0c1fc42e2986d50a461", "best_bid": "0.643", "best_ask": "0.915"}], "timestamp": "1769384113732", "event_type": "price_change"}}
{"_local_timestamp": "2026-01-25T23:35:29.771171+00:00", "data": {"market": "0x24947f7def6c5367f76b0eb0c86a138b1f11329f04d40a16e4e410d2377dab82", "price_changes": [{"asset_id": "55110908028538214653328859112241994641886674600298901915927398975673989306061", "price": "0.18", "size": "0", "side": "BUY", "hash": "92aa7831942fbc55e842a062c3378e2571b6ac8d", "best_bid": "0.22", "best_ask": "0.94"}, {"asset_id": "5742531546260445790242003076018948306369004964339252403688815504905286487067", "price": "0.82", "size": "0", "side": "SELL", "hash": "ab34dad299bf9778e62d51dcea1f175283a94975", "best_bid": "0.06", "best_ask": "0.78"}], "timestamp": "1769384129535", "event_type": "price_change"}}
{"_local_timestamp": "2026-01-25T23:35:30.011896+00:00", "data": {"market": "0x24947f7def6c5367f76b0eb0c86a138b1f11329f04d40a16e4e410d2377dab82", "price_changes": [{"asset_id": "55110908028538214653328859112241994641886674600298901915927398975673989306061", "price": "0.18", "size": "5", "side": "BUY", "hash": "5aa9905c6ae63415990a7503c151d310d478859c", "best_bid": "0.22", "best_ask": "0.94"}, {"asset_id": "5742531546260445790242003076018948306369004964339252403688815504905286487067", "price": "0.82", "size": "5", "side": "SELL", "hash": "4c64b963c7dc3a06d47a7596009694ab3c3cff4f", "best_bid": "0.06", "best_ask": "0.78"}], "timestamp": "1769384129771", "event_type": "price_change"}}
{"_local_timestamp": "2026-01-25T23:37:22.978481+00:00", "data": {"market": "0x24947f7def6c5367f76b0eb0c86a138b1f11329f04d40a16e4e410d2377dab82", "price_changes": [{"asset_id": "55110908028538214653328859112241994641886674600298901915927398975673989306061", "price": "0.18", "size": "0", "side": "BUY", "hash": "f44d55e732bc78fee44c51ce75951be620f24f8b", "best_bid": "0.22", "best_ask": "0.94"}, {"asset_id": "5742531546260445790242003076018948306369004964339252403688815504905286487067", "price": "0.82", "size": "0", "side": "SELL", "hash": "f19a0c0a03224703492e041dd4662318da57439b", "best_bid": "0.06", "best_ask": "0.78"}], "timestamp": "1769384242906", "event_type": "price_change"}}
{"_local_timestamp": "2026-01-25T23:37:23.303721+00:00", "data": {"market": "0x24947f7def6c5367f76b0eb0c86a138b1f11329f04d40a16e4e410d2377dab82", "price_changes": [{"asset_id": "55110908028538214653328859112241994641886674600298901915927398975673989306061", "price": "0.18", "size": "5", "side": "BUY", "hash": "50ebb526a88a8d29d34b051df2b49e4c030f155e", "best_bid": "0.22", "best_ask": "0.94"}, {"asset_id": "5742531546260445790242003076018948306369004964339252403688815504905286487067", "price": "0.82", "size": "5", "side": "SELL", "hash": "de08b25e52a8f7321291f2e83dad503558645003", "best_bid": "0.06", "best_ask": "0.78"}], "timestamp": "1769384243226", "event_type": "price_change"}}
{"_local_timestamp": "2026-01-25T23:38:01.816734+00:00", "data": {"market": "0x24947f7def6c5367f76b0eb0c86a138b1f11329f04d40a16e4e410d2377dab82", "price_changes": [{"asset_id": "55110908028538214653328859112241994641886674600298901915927398975673989306061", "price": "0.18", "size": "0", "side": "BUY", "hash": "3303ffb6d167bb3aab4c5af667c36dce6ffa3574", "best_bid": "0.22", "best_ask": "0.94"}, {"asset_id": "5742531546260445790242003076018948306369004964339252403688815504905286487067", "price": "0.82", "size": "0", "side": "SELL", "hash": "d3a3efcce23beb549da0fd695212da7c80dcdcf5", "best_bid": "0.06", "best_ask": "0.78"}], "timestamp": "1769384281734", "event_type": "price_change"}}
{"_local_timestamp": "2026-01-25T23:38:02.056483+00:00", "data": {"market": "0x24947f7def6c5367f76b0eb0c86a138b1f11329f04d40a16e4e410d2377dab82", "price_changes": [{"asset_id": "55110908028538214653328859112241994641886674600298901915927398975673989306061", "price": "0.18", "size": "5", "side": "BUY", "hash": "87f24f0060a7f71c1cc851778c6496a9d7bd4b29", "best_bid": "0.22", "best_ask": "0.94"}, {"asset_id": "5742531546260445790242003076018948306369004964339252403688815504905286487067", "price": "0.82", "size": "5", "side": "SELL", "hash": "ca7f28551122fc4f28762828d02747f58cee13e6", "best_bid": "0.06", "best_ask": "0.78"}], "timestamp": "1769384281976", "event_type": "price_change"}}
{"_local_timestamp": "2026-01-25T23:38:28.732861+00:00", "data": {"market": "0x24947f7def6c5367f76b0eb0c86a138b1f11329f04d40a16e4e410d2377dab82", "price_changes": [{"asset_id": "55110908028538214653328859112241994641886674600298901915927398975673989306061", "price": "0.18", "size": "0", "side": "BUY", "hash": "d2b64a1208594ed5f2bf5432de5816ecbef1c82b", "best_bid": "0.22", "best_ask": "0.94"}, {"asset_id": "5742531546260445790242003076018948306369004964339252403688815504905286487067", "price": "0.82", "size": "0", "side": "SELL", "hash": "88a4eb3df274bb7f4c2f5a88ce7f15fe67a66968", "best_bid": "0.06", "best_ask": "0.78"}], "timestamp": "1769384308654", "event_type": "price_change"}}
{"_local_timestamp": "2026-01-25T23:38:29.104722+00:00", "data": {"market": "0x24947f7def6c5367f76b0eb0c86a138b1f11329f04d40a16e4e410d2377dab82", "price_changes": [{"asset_id": "55110908028538214653328859112241994641886674600298901915927398975673989306061", "price": "0.18", "size": "5", "side": "BUY", "hash": "14f32d31e5b41d1860fdea80e58f39f764461ac1", "best_bid": "0.22", "best_ask": "0.94"}, {"asset_id": "5742531546260445790242003076018948306369004964339252403688815504905286487067", "price": "0.82", "size": "5", "side": "SELL", "hash": "ba0e2b25d48cf2050e7f3a58ed83d48606a9cc4c", "best_bid": "0.06", "best_ask": "0.78"}], "timestamp": "1769384309011", "event_type": "price_change"}}
{"_local_timestamp": "2026-01-25T23:38:48.107013+00:00", "data": {"market": "0x24947f7def6c5367f76b0eb0c86a138b1f11329f04d40a16e4e410d2377dab82", "price_changes": [{"asset_id": "55110908028538214653328859112241994641886674600298901915927398975673989306061", "price": "0.18", "size": "0", "side": "BUY", "hash": "ca72628c52ff1660ac18ad4a2314ed2000fb46d3", "best_bid": "0.22", "best_ask": "0.94"}, {"asset_id": "5742531546260445790242003076018948306369004964339252403688815504905286487067", "price": "0.82", "size": "0", "side": "SELL", "hash": "3a0ca5533521340c40bf6a5c851c0a0db62faa3b", "best_bid": "0.06", "best_ask": "0.78"}], "timestamp": "1769384328000", "event_type": "price_change"}}
{"_local_timestamp": "2026-01-25T23:38:48.473745+00:00", "data": {"market": "0x24947f7def6c5367f76b0eb0c86a138b1f11329f04d40a16e4e410d2377dab82", "price_changes": [{"asset_id": "55110908028538214653328859112241994641886674600298901915927398975673989306061", "price": "0.18", "size": "5", "side": "BUY", "hash": "81c2f8c55bb9e8ead4dced0f343b3656f8b78255", "best_bid": "0.22", "best_ask": "0.94"}, {"asset_id": "5742531546260445790242003076018948306369004964339252403688815504905286487067", "price": "0.82", "size": "5", "side": "SELL", "hash": "6a597cb8fee81e6f56dbd63c665be74e70532f25", "best_bid": "0.06", "best_ask": "0.78"}], "timestamp": "1769384328400", "event_type": "price_change"}}
