{"_local_timestamp": "2026-01-25T23:33:21.788353+00:00", "data": [{"market": "0x3f451b060eea0d9bc7d66af72122684cec9db51972b6407402cd9d521a4034cb", "asset_id": "100541036509719227144678902409316822196590814611525765232708914691661660573802", "timestamp": "1769383963541", "hash": "0fec15c101364408394a91fa5de64d9e43e385f1", "bids": [{"price": "0.01", "size": "5509.71"}, {"price": "0.02", "size": "1500"}, {"price": "0.03", "size": "10.14"}, {"price": "0.05", "size": "2230"}, {"price": "0.09", "size": "900"}, {"price": "0.1", "size": "5.98"}, {"price": "0.14", "size": "242.85"}, {"price": "0.15", "size": "550"}, {"price": "0.18", "size": "177.77"}, {"price": "0.2", "size": "700"}, {"price": "0.21", "size": "910"}, {"price": "0.22", "size": "2058"}, {"price": "0.23", "size": "121.73"}, {"price": "0.27", "size": "146.29"}, {"price": "0.28", "size": "50"}, {"price": "0.32", "size": "75"}, {"price": "0.36", "size": "55.55"}, {"price": "0.39", "size": "3639"}, {"price": "0.4", "size": "375"}, {"price": "0.5", "size": "21.68"}, {"price": "0.71", "size": "20"}, {"price": "0.76", "size": "17.1"}, {"price": "0.77", "size": "14.28"}, {"price": "0.82", "size": "100"}, {"price": "0.83", "size": "92"}, {"price": "0.84", "size": "121.01"}, {"price": "0.85", "size": "513"}, {"price": "0.86", "size": "189"}], "asks": [{"price": "0.99", "size": "6.87"}, {"price": "0.98", "size": "5000"}, {"price": "0.97", "size": "250"}, {"price": "0.96", "size": "3834.84"}, {"price": "0.95", "size": "2110"}, {"price": "0.94", "size": "667"}, {"price": "0.93", "size": "7.68"}, {"price": "0.92", "size": "200"}, {"price": "0.91", "size": "473"}, {"price": "0.9", "size": "854.55"}, {"price": "0.89", "size": "159"}, {"price": "0.88", "size": "882.46"}], "event_type": "book", "last_trade_price": "0.860"}, {"market": "0x3f451b060eea0d9bc7d66af72122684cec9db51972b6407402cd9d521a4034cb", "asset_id": "71061461875209900766812068768816681292193805160628503277918359666928040556326", "timestamp": "1769383963541", "hash": "4709addc612c00c2e61e0b49a54d88e2ef3219f4", "bids": [{"price": "0.01", "size": "6.87"}, {"price": "0.02", "size": "5000"}, {"price": "0.03", "size": "250"}, {"price": "0.04", "size": "3834.84"}, {"price": "0.05", "size": "2110"}, {"price": "0.06", "size": "667"}, {"price": "0.07", "size": "7.68"}, {"price": "0.08", "size": "200"}, {"price": "0.09", "size": "473"}, {"price": "0.1", "size": "854.55"}, {"price": "0.11", "size": "159"}, {"price": "0.12", "size": "882.46"}], "asks": [{"price": "0.99", "size": "5509.71"}, {"price": "0.98", "size": "1500"}, {"price": "0.97", "size": "10.14"}, {"price": "0.95", "size": "2230"}, {"price": "0.91", "size": "900"}, {"price": "0.9", "size": "5.98"}, {"price": "0.86", "size": "242.85"}, {"price": "0.85", "size": "550"}, {"price": "0.82", "size": "177.77"}, {"price": "0.8", "size": "700"}, {"price": "0.79", "size": "910"}, {"price": "0.78", "size": "2058"}, {"price": "0.77", "size": "121.73"}, {"price": "0.73", "size": "146.29"}, {"price": "0.72", "size": "50"}, {"price": "0.68", "size": "75"}, {"price": "0.64", "size": "55.55"}, {"price": "0.61", "size": "3639"}, {"price": "0.6", "size": "375"}, {"price": "0.5", "size": "21.68"}, {"price": "0.29", "size": "20"}, {"price": "0.24", "size": "17.1"}, {"price": "0.23", "size": "14.28"}, {"price": "0.18", "size": "100"}, {"price": "0.17", "size": "92"}, {"price": "0.16", "size": "121.01"}, {"price": "0.15", "size": "513"}, {"price": "0.14", "size": "189"}], "event_type": "book", "last_trade_price": "0.860"}]}
{"_local_timestamp": "2026-01-25T23:33:33.336417+00:00", "data": {"market": "0x3f451b060eea0d9bc7d66af72122684cec9db51972b6407402cd9d521a4034cb", "price_changes": [{"asset_id": "100541036509719227144678902409316822196590814611525765232708914691661660573802", "price": "0.21", "size": "860", "side": "BUY", "hash": "24934a363d32e88552c47449628e085924aa2c40", "best_bid": "0.86", "best_ask": "0.88"}, {"asset_id": "71061461875209900766812068768816681292193805160628503277918359666928040556326", "price": "0.79", "size": "860", "side": "SELL", "hash": "7f00babb482e8bd61c13f63b09284ac127ed1291", "best_bid": "0.12", "best_ask": "0.14"}], "timestamp": "1769384013150", "event_type": "price_change"}}
{"_local_timestamp": "2026-01-25T23:33:33.712396+00:00", "data": {"market": "0x3f451b060eea0d9bc7d66af72122684cec9db51972b6407402cd9d521a4034cb", "price_changes": [{"asset_id": "100541036509719227144678902409316822196590814611525765232708914691661660573802", "price": "0.22", "size": "2108", "side": "BUY", "hash": "9b6a2180e1bdd8fb97839b85ad8a9d41bf1f30c4", "best_bid": "0.86", "best_ask": "0.88"}, {"asset_id": "71061461875209900766812068768816681292193805160628503277918359666928040556326", "price": "0.78", "size": "2108", "side": "SELL", "hash": "82d52f85d40b6268ab128794c39801e590d0226d", "best_bid": "0.12", "best_ask": "0.14"}], "timestamp": "1769384013553", "event_type": "price_change"}}
{"_local_timestamp": "2026-01-25T23:33:42.233603+00:00", "data": {"market": "0x3f451b060eea0d9bc7d66af72122684cec9db51972b6407402cd9d521a4034cb", "price_changes": [{"asset_id": "71061461875209900766812068768816681292193805160628503277918359666928040556326", "price": "0.04", "size": "3825", "side": "BUY", "hash": "2ca65e29faf7a5963fed03ad113f9dc987995da8", "best_bid": "0.12", "best_ask": "0.14"}, {"asset_id": "100541036509719227144678902409316822196590814611525765232708914691661660573802", "price": "0.96", "size": "3825", "side": "SELL", "hash": "1af58dc3d6da6b27ad16bc3c07a9d2ef1d570c92", "best_bid": "0.86", "best_ask": "0.88"}], "timestamp": "1769384022170", "event_type": "price_change"}}
{"_local_timestamp": "2026-01-25T23:33:42.254771+00:00", "data": {"market": "0x3f451b060eea0d9bc7d66af72122684cec9db51972b6407402cd9d521a4034cb", "price_changes": [{"asset_id": "71061461875209900766812068768816681292193805160628503277918359666928040556326", "price": "0.07", "size": "0", "side": "BUY", "hash": "2ca65e29faf7a5963fed03ad113f9dc987995da8", "best_bid": "0.12", "best_ask": "0.14"}, {"asset_id": "100541036509719227144678902409316822196590814611525765232708914691661660573802", "price": "0.93", "size": "0", "side": "SELL", "hash": "1af58dc3d6da6b27ad16bc3c07a9d2ef1d570c92", "best_bid": "0.86", "best_ask": "0.88"}], "timestamp": "1769384022170", "event_type": "price_change"}}
{"_local_timestamp": "2026-01-25T23:33:42.477910+00:00", "data": {"market": "0x3f451b060eea0d9bc7d66af72122684cec9db51972b6407402cd9d521a4034cb", "price_changes": [{"asset_id": "71061461875209900766812068768816681292193805160628503277918359666928040556326", "price": "0.04", "size": "3834.84", "side": "BUY", "hash": "fe773b1b6eeef8280805cea85d46ba78a84cd53b", "best_bid": "0.12", "best_ask": "0.14"}, {"asset_id": "100541036509719227144678902409316822196590814611525765232708914691661660573802", "price": "0.96", "size": "3834.84", "side": "SELL", "hash": "45f41faec321e37bd0a73bf301de2afb4a97b6ea", "best_bid": "0.86", "best_ask": "0.88"}], "timestamp": "1769384022410", "event_type": "price_change"}}
{"_local_timestamp": "2026-01-25T23:33:42.478477+00:00", "data": {"market": "0x3f451b060eea0d9bc7d66af72122684cec9db51972b6407402cd9d521a4034cb", "price_changes": [{"asset_id": "71061461875209900766812068768816681292193805160628503277918359666928040556326", "price": "0.07", "size": "7.68", "side": "BUY", "hash": "50d61d6b98881b92d9596e050744ca658e66b2ee", "best_bid": "0.12", "best_ask": "0.14"}, {"asset_id": "100541036509719227144678902409316822196590814611525765232708914691661660573802", "price": "0.93", "size": "7.68", "side": "SELL", "hash": "4bea9e532357474a72d0700551ee40b0576b7e81", "best_bid": "0.86", "best_ask": "0.88"}], "timestamp": "1769384022411", "event_type": "price_change"}}
{"_local_timestamp": "2026-01-25T23:34:28.025859+00:00", "data": {"market": "0x3f451b060eea0d9bc7d66af72122684cec9db51972b6407402cd9d521a4034cb", "price_changes": [{"asset_id": "100541036509719227144678902409316822196590814611525765232708914691661660573802", "price": "0.21", "size": "760", "side": "BUY", "hash": "3e670b1a50eafc5bcada6b023d55c2d40a8aec79", "best_bid": "0.86", "best_ask": "0.88"}, {"asset_id": "71061461875209900766812068768816681292193805160628503277918359666928040556326", "price": "0.79", "size": "760", "side": "SELL", "hash": "bb1014740d750edef556906c297b85d794153a44", "best_bid": "0.12", "best_ask": "0.14"}], "timestamp": "1769384067613", "event_type": "price_change"}}
{"_local_timestamp": "2026-01-25T23:34:28.620634+00:00", "data": {"market": "0x3f451b060eea0d9bc7d66af72122684cec9db51972b6407402cd9d521a4034cb", "price_changes": [{"asset_id": "100541036509719227144678902409316822196590814611525765232708914691661660573802", "price": "0.22", "size": "2208", "side": "BUY", "hash": "5b5e9a275d94cd0c30e76df1eaf861d64a60f264", "best_bid": "0.86", "best_ask": "0.88"}, {"asset_id": "71061461875209900766812068768816681292193805160628503277918359666928040556326", "price": "0.78", "size": "2208", "side": "SELL", "hash": "3157ca4e7214b4f0d51d4e42a9b18f11a07bca90", "best_bid": "0.12", "best_ask": "0.14"}], "timestamp": "1769384068128", "event_type": "price_change"}}
{"_local_timestamp": "2026-01-25T23:34:43.891785+00:00", "data": {"market": "0x3f451b060eea0d9bc7d66af72122684cec9db51972b6407402cd9d521a4034cb", "price_changes": [{"asset_id": "71061461875209900766812068768816681292193805160628503277918359666928040556326", "price": "0.04", "size": "3825", "side": "BUY", "hash": "5047a23a07407023f62520b929867f4226453be8", "best_bid": "0.12", "best_ask": "0.14"}, {"asset_id": "100541036509719227144678902409316822196590814611525765232708914691661660573802", "price": "0.96", "size": "3825", "side": "SELL", "hash": "ea557c50c976641f8625f5dcaacd4179a0a3455b", "best_bid": "0.86", "best_ask": "0.88"}], "timestamp": "1769384083802", "event_type": "price_change"}}
{"_local_timestamp": "2026-01-25T23:34:43.893648+00:00", "data": {"market": "0x3f451b060eea0d9bc7d66af72122684cec9db51972b6407402cd9d521a4034cb", "price_changes": [{"asset_id": "71061461875209900766812068768816681292193805160628503277918359666928040556326", "price": "0.07", "size": "0", "side": "BUY", "hash": "5047a23a07407023f62520b929867f4226453be8", "best_bid": "0.12", "best_ask": "0.14"}, {"asset_id": "100541036509719227144678902409316822196590814611525765232708914691661660573802", "price": "0.93", "size": "0", "side": "SELL", "hash": "ea557c50c976641f8625f5dcaacd4179a0a3455b", "best_bid": "0.86", "best_ask": "0.88"}], "timestamp": "1769384083802", "event_type": "price_change"}}
{"_local_timestamp": "2026-01-25T23:34:46.131154+00:00", "data": {"market": "0x3f451b060eea0d9bc7d66af72122684cec9db51972b6407402cd9d521a4034cb", "price_changes": [{"asset_id": "71061461875209900766812068768816681292193805160628503277918359666928040556326", "price": "0.07", "size": "7.68", "side": "BUY", "hash": "a8e38f8ed7f513f4a6e46783b7ddda40392aa64f", "best_bid": "0.12", "best_ask": "0.14"}, {"asset_id": "100541036509719227144678902409316822196590814611525765232708914691661660573802", "price": "0.93", "size": "7.68", "side": "SELL", "hash": "40cf9d3193b9ecd748504f9fba1b3d6ee7336317", "best_bid": "0.86", "best_ask": "0.88"}], "timestamp": "1769384086058", "event_type": "price_change"}}
{"_local_timestamp": "2026-01-25T23:34:46.131957+00:00", "data": {"market": "0x3f451b060eea0d9bc7d66af72122684cec9db51972b6407402cd9d521a4034cb", "price_changes": [{"asset_id": "71061461875209900766812068768816681292193805160628503277918359666928040556326", "price": "0.04", "size": "3834.84", "side": "BUY", "hash": "135c4bd8d70d8c4795cc1c400626612642f5581b", "best_bid": "0.12", "best_ask": "0.14"}, {"asset_id": "100541036509719227144678902409316822196590814611525765232708914691661660573802", "price": "0.96", "size": "3834.84", "side": "SELL", "hash": "7cf4bca4ecd5fb08e97e3cd8f3def3fffe82f5fd", "best_bid": "0.86", "best_ask": "0.88"}], "timestamp": "1769384086059", "event_type": "price_change"}}
{"_local_timestamp": "2026-01-25T23:34:46.971519+00:00", "data": {"market": "0x3f451b060eea0d9bc7d66af72122684cec9db51972b6407402cd9d521a4034cb", "price_changes": [{"asset_id": "71061461875209900766812068768816681292193805160628503277918359666928040556326", "price": "0.04", "size": "3825", "side": "BUY", "hash": "eded159fd6db553b68758192d4aa85536c43fc7c", "best_bid": "0.12", "best_ask": "0.14"}, {"asset_id": "100541036509719227144678902409316822196590814611525765232708914691661660573802", "price": "0.96", "size": "3825", "side": "SELL", "hash": "b8118bbab86bd4c3fff443814b0219aadac1cefd", "best_bid": "0.86", "best_ask": "0.88"}], "timestamp": "1769384086903", "event_type": "price_change"}}
{"_local_timestamp": "2026-01-25T23:34:46.971991+00:00", "data": {"market": "0x3f451b060eea0d9bc7d66af72122684cec9db51972b6407402cd9d521a4034cb", "price_changes": [{"asset_id": "71061461875209900766812068768816681292193805160628503277918359666928040556326", "price": "0.07", "size": "0", "side": "BUY", "hash": "eded159fd6db553b68758192d4aa85536c43fc7c", "best_bid": "0.12", "best_ask": "0.14"}, {"asset_id": "100541036509719227144678902409316822196590814611525765232708914691661660573802", "price": "0.93", "size": "0", "side": "SELL", "hash": "b8118bbab86bd4c3fff443814b0219aadac1cefd", "best_bid": "0.86", "best_ask": "0.88"}], "timestamp": "1769384086903", "event_type": "price_change"}}
{"_local_timestamp": "2026-01-25T23:34:48.024131+00:00", "data": {"market": "0x3f451b060eea0d9bc7d66af72122684cec9db51972b6407402cd9d521a4034cb", "price_changes": [{"asset_id": "71061461875209900766812068768816681292193805160628503277918359666928040556326", "price": "0.07", "size": "7.68", "side": "BUY", "hash": "08c05a5b97e5b1b169c0909d5a476e7482f63dfb", "best_bid": "0.12", "best_ask": "0.14"}, {"asset_id": "100541036509719227144678902409316822196590814611525765232708914691661660573802", "price": "0.93", "size": "7.68", "side": "SELL", "hash": "65fccc14618d508eb2b544b2ef671449a9a2b42c", "best_bid": "0.86", "best_ask": "0.88"}], "timestamp": "1769384087950", "event_type": "price_change"}}
{"_local_timestamp": "2026-01-25T23:34:48.024541+00:00", "data": {"market": "0x3f451b060eea0d9bc7d66af72122684cec9db51972b6407402cd9d521a4034cb", "price_changes": [{"asset_id": "71061461875209900766812068768816681292193805160628503277918359666928040556326", "price": "0.04", "size": "3834.84", "side": "BUY", "hash": "c1d0861fd6473ccbe57d0cc75ef44925f129f017", "best_bid": "0.12", "best_ask": "0.14"}, {"asset_id": "100541036509719227144678902409316822196590814611525765232708914691661660573802", "price": "0.96", "size": "3834.84", "side": "SELL", "hash": "5ed51f99fd95c1bbb3955fb6ec43fcf12a5bbd50", "best_bid": "0.86", "best_ask": "0.88"}], "timestamp": "1769384087951", "event_type": "price_change"}}
{"_local_timestamp": "2026-01-25T23:35:56.443433+00:00", "data": {"market": "0x3f451b060eea0d9bc7d66af72122684cec9db51972b6407402cd9d521a4034cb", "price_changes": [{"asset_id": "100541036509719227144678902409316822196590814611525765232708914691661660573802", "price": "0.28", "size": "0", "side": "BUY", "hash": "09b34451a97a75701c8b496468f60ff341c55f3c", "best_bid": "0.86", "best_ask": "0.88"}, {"asset_id": "71061461875209900766812068768816681292193805160628503277918359666928040556326", "price": "0.72", "size": "0", "side": "SELL", "hash": "8ef84a85c069a55e782450a0905d4946df1af747", "best_bid": "0.12", "best_ask": "0.14"}], "timestamp": "1769384156293", "event_type": "price_change"}}
{"_local_timestamp": "2026-01-25T23:35:56.821023+00:00", "data": {"market": "0x3f451b060eea0d9bc7d66af72122684cec9db51972b6407402cd9d521a4034cb", "price_changes": [{"asset_id": "100541036509719227144678902409316822196590814611525765232708914691661660573802", "price": "0.27", "size": "196.29", "side": "BUY", "hash": "c8c76de51fed4d86eab473a6021ca10201d18ad8", "best_bid": "0.86", "best_ask": "0.88"}, {"asset_id": "71061461875209900766812068768816681292193805160628503277918359666928040556326", "price": "0.73", "size": "196.29", "side": "SELL", "hash": "4ba25cc9328bccd4d495480cb6f61a2745b326d9", "best_bid": "0.12", "best_ask": "0.14"}], "timestamp": "1769384156713", "event_type": "price_change"}}
{"_local_timestamp": "2026-01-25T23:37:35.193720+00:00", "data": {"market": "0x3f451b060eea0d9bc7d66af72122684cec9db51972b6407402cd9d521a4034cb", "price_changes": [{"asset_id": "100541036509719227144678902409316822196590814611525765232708914691661660573802", "price": "0.22", "size": "300", "side": "BUY", "hash": "4038432ffd5bbcbd858c443e56e9b6db98627ffb", "best_bid": "0.86", "best_ask": "0.88"}, {"asset_id": "71061461875209900766812068768816681292193805160628503277918359666928040556326", "price": "0.78", "size": "300", "side": "SELL", "hash": "e48ce2b6cd8d439bd7f077a9284a297c87dd9acd", "best_bid": "0.12", "best_ask": "0.14"}], "timestamp": "1769384255115", "event_type": "price_change"}}
{"_local_timestamp": "2026-01-25T23:38:20.819947+00:00", "data": {"market": "0x3f451b060eea0d9bc7d66af72122684cec9db51972b6407402cd9d521a4034cb", "price_changes": [{"asset_id": "100541036509719227144678902409316822196590814611525765232708914691661660573802", "price": "0.28", "size": "1498", "side": "BUY", "hash": "28d22a2c1fb054e0aef606a443555a21a167cfa0", "best_bid": "0.86", "best_ask": "0.88"}, {"asset_id": "71061461875209900766812068768816681292193805160628503277918359666928040556326", "price": "0.72", "size": "1498", "side": "SELL", "hash": "b8e1fa621ceb6a9a080c8608a484b5e5dadfb765", "best_bid": "0.12", "best_ask": "0.14"}], "timestamp": "1769384300749", "event_type": "price_change"}}
{"_local_timestamp": "2026-01-25T23:38:41.473832+00:00", "data": {"market": "0x3f451b060eea0d9bc7d66af72122684cec9db51972b6407402cd9d521a4034cb", "price_changes": [{"asset_id": "100541036509719227144678902409316822196590814611525765232708914691661660573802", "price": "0.22", "size": "200", "side": "BUY", "hash": "e347dff466eefccab58891fac1669ce10a27e60c", "best_bid": "0.86", "best_ask": "0.88"}, {"asset_id": "71061461875209900766812068768816681292193805160628503277918359666928040556326", "price": "0.78", "size": "200", "side": "SELL", "hash": "7e82fe3f751ce103d44530aa48c0ee42d58941b5", "best_bid": "0.12", "best_ask": "0.14"}], "timestamp": "1769384321391", "event_type": "price_change"}}
{"_local_timestamp": "2026-01-25T23:38:41.780806+00:00", "data": {"market": "0x3f451b060eea0d9bc7d66af72122684cec9db51972b6407402cd9d521a4034cb", "price_changes": [{"asset_id": "100541036509719227144678902409316822196590814611525765232708914691661660573802", "price": "0.21", "size": "860", "side": "BUY", "hash": "7fd5e5626f687665e329001147dfe86debd0b140", "best_bid": "0.86", "best_ask": "0.88"}, {"asset_id": "71061461875209900766812068768816681292193805160628503277918359666928040556326", "price": "0.79", "size": "860", "side": "SELL", "hash": "27bf97aeca3f9fbf047ac3ff5d88745162b37aa4", "best_bid": "0.12", "best_ask": "0.14"}], "timestamp": "1769384321670", "event_type": "price_change"}}
{"_local_timestamp": "2026-01-25T23:38:46.356781+00:00", "data": {"market": "0x3f451b060eea0d9bc7d66af72122684cec9db51972b6407402cd9d521a4034cb", "price_changes": [{"asset_id": "71061461875209900766812068768816681292193805160628503277918359666928040556326", "price": "0.04", "size": "3825", "side": "BUY", "hash": "83ab8dc28b67cedc94a5bf754508de53c000330a", "best_bid": "0.12", "best_ask": "0.14"}, {"asset_id": "100541036509719227144678902409316822196590814611525765232708914691661660573802", "price": "0.96", "size": "3825", "side": "SELL", "hash": "b8f508f8ce1e534f6089277bbcd0232021a55fcb", "best_bid": "0.86", "best_ask": "0.88"}], "timestamp": "1769384326286", "event_type": "price_change"}}
{"_local_timestamp": "2026-01-25T23:38:46.357242+00:00", "data": {"market": "0x3f451b060eea0d9bc7d66af72122684cec9db51972b6407402cd9d521a4034cb", "price_changes": [{"asset_id": "71061461875209900766812068768816681292193805160628503277918359666928040556326", "price": "0.07", "size": "0", "side": "BUY", "hash": "83ab8dc28b67cedc94a5bf754508de53c000330a", "best_bid": "0.12", "best_ask": "0.14"}, {"asset_id": "100541036509719227144678902409316822196590814611525765232708914691661660573802", "price": "0.93", "size": "0", "side": "SELL", "hash": "b8f508f8ce1e534f6089277bbcd0232021a55fcb", "best_bid": "0.86", "best_ask": "0.88"}], "timestamp": "1769384326286", "event_type": "price_change"}}
{"_local_timestamp": "2026-01-25T23:38:46.665750+00:00", "data": {"market": "0x3f451b060eea0d9bc7d66af72122684cec9db51972b6407402cd9d521a4034cb", "price_changes": [{"asset_id": "71061461875209900766812068768816681292193805160628503277918359666928040556326", "price": "0.07", "size": "7.68", "side": "BUY", "hash": "b1882f73bdb3b4175510d3969d2956ef23b5bf8f", "best_bid": "0.12", "best_ask": "0.14"}, {"asset_id": "100541036509719227144678902409316822196590814611525765232708914691661660573802", "price": "0.93", "size": "7.68", "side": "SELL", "hash": "d0d1780531685eee4590151e7c2651c62af8c26c", "best_bid": "0.86", "best_ask": "0.88"}], "timestamp": "1769384326591", "event_type": "price_change"}}
{"_local_timestamp": "2026-01-25T23:38:46.666182+00:00", "data": {"market": "0x3f451b060eea0d9bc7d66af72122684cec9db51972b6407402cd9d521a4034cb", "price_changes": [{"asset_id": "71061461875209900766812068768816681292193805160628503277918359666928040556326", "price": "0.04", "size": "3834.84", "side": "BUY", "hash": "8a95a4db04cb2a6517762f56c58085ab8c6d0dd7", "best_bid": "0.12", "best_ask": "0.14"}, {"asset_id": "100541036509719227144678902409316822196590814611525765232708914691661660573802", "price": "0.96", "size": "3834.84", "side": "SELL", "hash": "cf72d0726626607194d4f4899fc5c5949500f4b9", "best_bid": "0.86", "best_ask": "0.88"}], "timestamp": "1769384326591", "event_type": "price_change"}}
{"_local_timestamp": "2026-01-25T23:39:17.038956+00:00", "data": {"market": "0x3f451b060eea0d9bc7d66af72122684cec9db51972b6407402cd9d521a4034cb", "price_changes": [{"asset_id": "100541036509719227144678902409316822196590814611525765232708914691661660573802", "price": "0.27", "size": "146.29", "side": "BUY", "hash": "6742cc8b7b12493142c227dfb360e4462c05faed", "best_bid": "0.86", "best_ask": "0.88"}, {"asset_id": "71061461875209900766812068768816681292193805160628503277918359666928040556326", "price": "0.73", "size": "146.29", "side": "SELL", "hash": "bdd5f3bd6bd431376ecad48c261bc39049e5df29", "best_bid": "0.12", "best_ask": "0.14"}], "timestamp": "1769384356920", "event_type": "price_change"}}
{"_local_timestamp": "2026-01-25T23:39:17.372434+00:00", "data": {"market": "0x3f451b060eea0d9bc7d66af72122684cec9db51972b6407402cd9d521a4034cb", "price_changes": [{"asset_id": "100541036509719227144678902409316822196590814611525765232708914691661660573802", "price": "0.28", "size": "1548", "side": "BUY", "hash": "ba2af1b4110c1259c58ca0769b015ef2e9c08044", "best_bid": "0.86", "best_ask": "0.88"}, {"asset_id": "71061461875209900766812068768816681292193805160628503277918359666928040556326", "price": "0.72", "size": "1548", "side": "SELL", "hash": "b6f4aea532832375f3ef12ea810aeb40fa538fbb", "best_bid": "0.12", "best_ask": "0.14"}], "timestamp": "1769384357178", "event_type": "price_change"}}
{"_local_timestamp": "2026-01-25T23:39:56.082768+00:00", "data": {"market": "0x3f451b060eea0d9bc7d66af72122684cec9db51972b6407402cd9d521a4034cb", "price_changes": [{"asset_id": "71061461875209900766812068768816681292193805160628503277918359666928040556326", "price": "0.04", "size": "1834.84", "side": "BUY", "hash": "0ebead80dca0f6009d2b4d0f73563664357a624d", "best_bid": "0.12", "best_ask": "0.14"}, {"asset_id": "100541036509719227144678902409316822196590814611525765232708914691661660573802", "price": "0.96", "size": "1834.84", "side": "SELL", "hash": "5cfc59f699ba8bf7df03012ecdef925857a0abf2", "best_bid": "0.86", "best_ask": "0.88"}], "timestamp": "1769384396000", "event_type": "price_change"}}
{"_local_timestamp": "2026-01-25T23:39:56.090727+00:00", "data": {"market": "0x3f451b060eea0d9bc7d66af72122684cec9db51972b6407402cd9d521a4034cb", "price_changes": [{"asset_id": "71061461875209900766812068768816681292193805160628503277918359666928040556326", "price": "0.06", "size": "0", "side": "BUY", "hash": "7b2e47b285be1d641095f7fe64770e2ca8de6996", "best_bid": "0.12", "best_ask": "0.14"}, {"asset_id": "100541036509719227144678902409316822196590814611525765232708914691661660573802", "price": "0.94", "size": "0", "side": "SELL", "hash": "31639d068ba547d68860a63824dd12cf03f59305", "best_bid": "0.86", "best_ask": "0.88"}], "timestamp": "1769384396003", "event_type": "price_change"}}
{"_local_timestamp": "2026-01-25T23:39:56.091237+00:00", "data": {"market": "0x3f451b060eea0d9bc7d66af72122684cec9db51972b6407402cd9d521a4034cb", "price_changes": [{"asset_id": "71061461875209900766812068768816681292193805160628503277918359666928040556326", "price": "0.09", "size": "250", "side": "BUY", "hash": "7b2e47b285be1d641095f7fe64770e2ca8de6996", "best_bid": "0.12", "best_ask": "0.14"}, {"asset_id": "100541036509719227144678902409316822196590814611525765232708914691661660573802", "price": "0.91", "size": "250", "side": "SELL", "hash": "31639d068ba547d68860a63824dd12cf03f59305", "best_bid": "0.86", "best_ask": "0.88"}], "timestamp": "1769384396003", "event_type": "price_change"}}
{"_local_timestamp": "2026-01-25T23:39:56.097348+00:00", "data": {"market": "0x3f451b060eea0d9bc7d66af72122684cec9db51972b6407402cd9d521a4034cb", "price_changes": [{"asset_id": "71061461875209900766812068768816681292193805160628503277918359666928040556326", "price": "0.1", "size": "754.55", "side": "BUY", "hash": "cf1124beda05bf3555c462364a0d93710e9a6c1d", "best_bid": "0.12", "best_ask": "0.14"}, {"asset_id": "100541036509719227144678902409316822196590814611525765232708914691661660573802", "price": "0.9", "size": "754.55", "side": "SELL", "hash": "0ed3328b6487bf46f3fe1cd2e161820da8a98b3d", "best_bid": "0.86", "best_ask": "0.88"}], "timestamp": "1769384396004", "event_type": "price_change"}}
{"_local_timestamp": "2026-01-25T23:40:05.196630+00:00", "data": {"market": "0x3f451b060eea0d9bc7d66af72122684cec9db51972b6407402cd9d521a4034cb", "price_changes": [{"asset_id": "71061461875209900766812068768816681292193805160628503277918359666928040556326", "price": "0.09", "size": "473", "side": "BUY", "hash": "1b7aa02fb71f074fa71100d9a86517cf496de92c", "best_bid": "0.12", "best_ask": "0.14"}, {"asset_id": "100541036509719227144678902409316822196590814611525765232708914691661660573802", "price": "0.91", "size": "473", "side": "SELL", "hash": "ec41b91d3d43c895c6ced20f0d267afb45b6a8e7", "best_bid": "0.86", "best_ask": "0.88"}], "timestamp": "1769384405130", "event_type": "price_change"}}
{"_local_timestamp": "2026-01-25T23:40:05.197079+00:00", "data": {"market": "0x3f451b060eea0d9bc7d66af72122684cec9db51972b6407402cd9d521a4034cb", "price_changes": [{"asset_id": "71061461875209900766812068768816681292193805160628503277918359666928040556326", "price": "0.1", "size": "854.55", "side": "BUY", "hash": "2d6c1819f64da75f847d99ee8c4cd4fac0265799", "best_bid": "0.12", "best_ask": "0.14"}, {"asset_id": "100541036509719227144678902409316822196590814611525765232708914691661660573802", "price": "0.9", "size": "854.55", "side": "SELL", "hash": "b162a1e214f2ad1bde7bd6907989f4b9de95d304", "best_bid": "0.86", "best_ask": "0.88"}], "timestamp": "1769384405130", "event_type": "price_change"}}
{"_local_timestamp": "2026-01-25T23:40:05.197460+00:00", "data": {"market": "0x3f451b060eea0d9bc7d66af72122684cec9db51972b6407402cd9d521a4034cb", "price_changes": [{"asset_id": "71061461875209900766812068768816681292193805160628503277918359666928040556326", "price": "0.06", "size": "667", "side": "BUY", "hash": "7bedbed3227cb667f88748836e98a64db0bae5ea", "best_bid": "0.12", "best_ask": "0.14"}, {"asset_id": "100541036509719227144678902409316822196590814611525765232708914691661660573802", "price": "0.94", "size": "667", "side": "SELL", "hash": "9d787195d606f0cb0b56d4f84b4623e30d6e637d", "best_bid": "0.86", "best_ask": "0.88"}], "timestamp": "1769384405131", "event_type": "price_change"}}
{"_local_timestamp": "2026-01-25T23:40:05.204603+00:00", "data": {"market": "0x3f451b060eea0d9bc7d66af72122684cec9db51972b6407402cd9d521a4034cb", "price_changes": [{"asset_id": "71061461875209900766812068768816681292193805160628503277918359666928040556326", "price": "0.04", "size": "3834.84", "side": "BUY", "hash": "29533e98c5a6468ed10f17dadf9d187e7e8d7f66", "best_bid": "0.12", "best_ask": "0.14"}, {"asset_id": "100541036509719227144678902409316822196590814611525765232708914691661660573802", "price": "0.96", "size": "3834.84", "side": "SELL", "hash": "8f277b6550b18781a3df1d20ef55a003a76b80e7", "best_bid": "0.86", "best_ask": "0.88"}], "timestamp": "1769384405132", "event_type": "price_change"}}
