{"_local_timestamp": "2026-01-25T23:33:19.183273+00:00", "data": [{"market": "0x966c4246b6fd493d3c8d8a78cd01af7e9ab37bfcdcfc443e52fff05c849849d3", "asset_id": "30067386062907888066453898823774239601138550807546707350388500862876873138732", "timestamp": "1769383922005", "hash": "9066f74d23bafc6a03fcb739a6eeed1dd92c0ffe", "bids": [{"price": "0.001", "size": "1086.05"}, {"price": "0.002", "size": "404.39"}, {"price": "0.015", "size": "9"}, {"price": "0.016", "size": "10.56"}, {"price": "0.025", "size": "100"}, {"price": "0.026", "size": "60"}, {"price": "0.027", "size": "49.99"}], "asks": [{"price": "0.999", "size": "3114.99"}, {"price": "0.99", "size": "23"}, {"price": "0.97", "size": "124"}, {"price": "0.95", "size": "30"}, {"price": "0.9", "size": "360"}, {"price": "0.85", "size": "226.66"}, {"price": "0.8", "size": "160"}, {"price": "0.76", "size": "116.66"}, {"price": "0.733", "size": "5"}, {"price": "0.71", "size": "89.65"}, {"price": "0.66", "size": "70.58"}, {"price": "0.61", "size": "51.28"}, {"price": "0.599", "size": "400"}, {"price": "0.598", "size": "5"}, {"price": "0.15", "size": "20"}, {"price": "0.08", "size": "102.33"}, {"price": "0.079", "size": "392.1"}, {"price": "0.071", "size": "700"}, {"price": "0.07", "size": "700"}, {"price": "0.068", "size": "4828.66"}, {"price": "0.067", "size": "10.6"}], "event_type": "book", "last_trade_price": "0.932"}, {"market": "0x966c4246b6fd493d3c8d8a78cd01af7e9ab37bfcdcfc443e52fff05c849849d3", "asset_id": "53912148792122350875306836591858850656555508262107599828438357128873832212220", "timestamp": "1769383922005", "hash": "fdad43f218493822d7c3df9c4d33aac51da3ed5f", "bids": [{"price": "0.001", "size": "3114.99"}, {"price": "0.01", "size": "23"}, {"price": "0.03", "size": "124"}, {"price": "0.05", "size": "30"}, {"price": "0.1", "size": "360"}, {"price": "0.15", "size": "226.66"}, {"price": "0.2", "size": "160"}, {"price": "0.24", "size": "116.66"}, {"price": "0.267", "size": "5"}, {"price": "0.29", "size": "89.65"}, {"price": "0.34", "size": "70.58"}, {"price": "0.39", "size": "51.28"}, {"price": "0.401", "size": "400"}, {"price": "0.402", "size": "5"}, {"price": "0.85", "size": "20"}, {"price": "0.92", "size": "102.33"}, {"price": "0.921", "size": "392.1"}, {"price": "0.929", "size": "700"}, {"price": "0.93", "size": "700"}, {"price": "0.932", "size": "4828.66"}, {"price": "0.933", "size": "10.6"}], "asks": [{"price": "0.999", "size": "1086.05"}, {"price": "0.998", "size": "404.39"}, {"price": "0.985", "size": "9"}, {"price": "0.984", "size": "10.56"}, {"price": "0.975", "size": "100"}, {"price": "0.974", "size": "60"}, {"price": "0.973", "size": "49.99"}], "event_type": "book", "last_trade_price": "0.932"}]}
{"_local_timestamp": "2026-01-25T23:33:23.452387+00:00", "data": {"market": "0x966c4246b6fd493d3c8d8a78cd01af7e9ab37bfcdcfc443e52fff05c849849d3", "price_changes": [{"asset_id": "53912148792122350875306836591858850656555508262107599828438357128873832212220", "price": "0.267", "size": "0", "side": "BUY", "hash": "387af9151ca3cafa4992da79916bd45c4553fb80", "best_bid": "0.933", "best_ask": "0.973"}, {"asset_id": "30067386062907888066453898823774239601138550807546707350388500862876873138732", "price": "0.733", "size": "0", "side": "SELL", "hash": "53c72cbe121edb4ccd0815087cc45e227df0c5e3", "best_bid": "0.027", "best_ask": "0.067"}], "timestamp": "1769384003369", "event_type": "price_change"}}
{"_local_timestamp": "2026-01-25T23:33:23.474457+00:00", "data": {"market": "0x966c4246b6fd493d3c8d8a78cd01af7e9ab37bfcdcfc443e52fff05c849849d3", "price_changes": [{"asset_id": "30067386062907888066453898823774239601138550807546707350388500862876873138732", "price": "0.028", "size": "39", "side": "BUY", "hash": "b85bee109cb5e061a86d140ea346dcfce35b9e8c", "best_bid": "0.028", "best_ask": "0.067"}, {"asset_id": "53912148792122350875306836591858850656555508262107599828438357128873832212220", "price": "0.972", "size": "39", "side": "SELL", "hash": "f67851e53ab34d00ae586b28654380356199e9c6", "best_bid": "0.933", "best_ask": "0.972"}], "timestamp": "1769384003395", "event_type": "price_change"}}
{"_local_timestamp": "2026-01-25T23:33:24.224918+00:00", "data": {"market": "0x966c4246b6fd493d3c8d8a78cd01af7e9ab37bfcdcfc443e52fff05c849849d3", "price_changes": [{"asset_id": "53912148792122350875306836591858850656555508262107599828438357128873832212220", "price": "0.267", "size": "5", "side": "BUY", "hash": "88ae85bf5fdedfd90b4b9b78a368a7b0302306cd", "best_bid": "0.933", "best_ask": "0.972"}, {"asset_id": "30067386062907888066453898823774239601138550807546707350388500862876873138732", "price": "0.733", "size": "5", "side": "SELL", "hash": "dfa22f549b98fc34402d8ff57e86b4a07531c53f", "best_bid": "0.028", "best_ask": "0.067"}], "timestamp": "1769384004150", "event_type": "price_change"}}
{"_local_timestamp": "2026-01-25T23:33:24.235372+00:00", "data": {"market": "0x966c4246b6fd493d3c8d8a78cd01af7e9ab37bfcdcfc443e52fff05c849849d3", "price_changes": [{"asset_id": "53912148792122350875306836591858850656555508262107599828438357128873832212220", "price": "0.002", "size": "22.39", "side": "BUY", "hash": "ac38e04dd2eb0cbd2e6941facda2365055452b33", "best_bid": "0.933", "best_ask": "0.972"}, {"asset_id": "30067386062907888066453898823774239601138550807546707350388500862876873138732", "price": "0.998", "size": "22.39", "side": "SELL", "hash": "334624661c464992b808d585a949c07eb7499df6", "best_bid": "0.028", "best_ask": "0.067"}], "timestamp": "1769384004159", "event_type": "price_change"}}
{"_local_timestamp": "2026-01-25T23:33:24.246895+00:00", "data": {"market": "0x966c4246b6fd493d3c8d8a78cd01af7e9ab37bfcdcfc443e52fff05c849849d3", "price_changes": [{"asset_id": "53912148792122350875306836591858850656555508262107599828438357128873832212220", "price": "0.011", "size": "8.41", "side": "BUY", "hash": "39007121148fc70f6e28371a7a777dcaa076f98f", "best_bid": "0.933", "best_ask": "0.972"}, {"asset_id": "30067386062907888066453898823774239601138550807546707350388500862876873138732", "price": "0.989", "size": "8.41", "side": "SELL", "hash": "d89cbef0f092c9b72b060c87c226381c64f53d60", "best_bid": "0.028", "best_ask": "0.067"}], "timestamp": "1769384004167", "event_type": "price_change"}}
{"_local_timestamp": "2026-01-25T23:33:24.247808+00:00", "data": {"market": "0x966c4246b6fd493d3c8d8a78cd01af7e9ab37bfcdcfc443e52fff05c849849d3", "price_changes": [{"asset_id": "53912148792122350875306836591858850656555508262107599828438357128873832212220", "price": "0.001", "size": "3120.09", "side": "BUY", "hash": "4750e4b9063acd55a579a6a0c4fd90d7513774f8", "best_bid": "0.933", "best_ask": "0.972"}, {"asset_id": "30067386062907888066453898823774239601138550807546707350388500862876873138732", "price": "0.999", "size": "3120.09", "side": "SELL", "hash": "b6019b00319fcbcd1b62312f0d30b8575a64608a", "best_bid": "0.028", "best_ask": "0.067"}], "timestamp": "1769384004171", "event_type": "price_change"}}
{"_local_timestamp": "2026-01-25T23:33:24.248675+00:00", "data": {"market": "0x966c4246b6fd493d3c8d8a78cd01af7e9ab37bfcdcfc443e52fff05c849849d3", "price_changes": [{"asset_id": "53912148792122350875306836591858850656555508262107599828438357128873832212220", "price": "0.031", "size": "8.37", "side": "BUY", "hash": "73bec56f2e738f3868669e72fc219bec6908c7d8", "best_bid": "0.933", "best_ask": "0.972"}, {"asset_id": "30067386062907888066453898823774239601138550807546707350388500862876873138732", "price": "0.969", "size": "8.37", "side": "SELL", "hash": "c4f51a18f08892f95bd507b6a247f99c98015f96", "best_bid": "0.028", "best_ask": "0.067"}], "timestamp": "1769384004174", "event_type": "price_change"}}
{"_local_timestamp": "2026-01-25T23:33:24.248980+00:00", "data": {"market": "0x966c4246b6fd493d3c8d8a78cd01af7e9ab37bfcdcfc443e52fff05c849849d3", "price_changes": [{"asset_id": "53912148792122350875306836591858850656555508262107599828438357128873832212220", "price": "0.101", "size": "5.91", "side": "BUY", "hash": "f1962a7ecee821f2fea7145948286213ee82068d", "best_bid": "0.933", "best_ask": "0.972"}, {"asset_id": "30067386062907888066453898823774239601138550807546707350388500862876873138732", "price": "0.899", "size": "5.91", "side": "SELL", "hash": "72a4134fcd07c970cdd4e694fcbf39df7056b753", "best_bid": "0.028", "best_ask": "0.067"}], "timestamp": "1769384004178", "event_type": "price_change"}}
{"_local_timestamp": "2026-01-25T23:33:24.715861+00:00", "data": {"market": "0x966c4246b6fd493d3c8d8a78cd01af7e9ab37bfcdcfc443e52fff05c849849d3", "price_changes": [{"asset_id": "30067386062907888066453898823774239601138550807546707350388500862876873138732", "price": "0.028", "size": "0", "side": "BUY", "hash": "87095cc725f738ef4cc784910b4fa482e2400995", "best_bid": "0.027", "best_ask": "0.067"}, {"asset_id": "53912148792122350875306836591858850656555508262107599828438357128873832212220", "price": "0.972", "size": "0", "side": "SELL", "hash": "450112f26404f27f1a1dee5b84ffec9455ab5740", "best_bid": "0.933", "best_ask": "0.973"}], "timestamp": "1769384004643", "event_type": "price_change"}}
{"_local_timestamp": "2026-01-25T23:33:27.044386+00:00", "data": {"market": "0x966c4246b6fd493d3c8d8a78cd01af7e9ab37bfcdcfc443e52fff05c849849d3", "price_changes": [{"asset_id": "30067386062907888066453898823774239601138550807546707350388500862876873138732", "price": "0.015", "size": "0", "side": "BUY", "hash": "3bb16f0308fe05b5a9354266b12608277a0d1f8c", "best_bid": "0.027", "best_ask": "0.067"}, {"asset_id": "53912148792122350875306836591858850656555508262107599828438357128873832212220", "price": "0.985", "size": "0", "side": "SELL", "hash": "03f356a112a1e9819071d798779894c6698830a3", "best_bid": "0.933", "best_ask": "0.973"}], "timestamp": "1769384006919", "event_type": "price_change"}}
{"_local_timestamp": "2026-01-25T23:33:27.058547+00:00", "data": {"market": "0x966c4246b6fd493d3c8d8a78cd01af7e9ab37bfcdcfc443e52fff05c849849d3", "price_changes": [{"asset_id": "30067386062907888066453898823774239601138550807546707350388500862876873138732", "price": "0.016", "size": "0", "side": "BUY", "hash": "3bb16f0308fe05b5a9354266b12608277a0d1f8c", "best_bid": "0.027", "best_ask": "0.067"}, {"asset_id": "53912148792122350875306836591858850656555508262107599828438357128873832212220", "price": "0.984", "size": "0", "side": "SELL", "hash": "03f356a112a1e9819071d798779894c6698830a3", "best_bid": "0.933", "best_ask": "0.973"}], "timestamp": "1769384006919", "event_type": "price_change"}}
{"_local_timestamp": "2026-01-25T23:33:27.068422+00:00", "data": {"market": "0x966c4246b6fd493d3c8d8a78cd01af7e9ab37bfcdcfc443e52fff05c849849d3", "price_changes": [{"asset_id": "30067386062907888066453898823774239601138550807546707350388500862876873138732", "price": "0.003", "size": "144", "side": "BUY", "hash": "0ae7e9fc40a2a1db07bcee39d4d1805c5e1adb02", "best_bid": "0.027", "best_ask": "0.067"}, {"asset_id": "53912148792122350875306836591858850656555508262107599828438357128873832212220", "price": "0.997", "size": "144", "side": "SELL", "hash": "ad1ccedb8ed68b5f2fec695932d876890f1b3039", "best_bid": "0.933", "best_ask": "0.973"}], "timestamp": "1769384006946", "event_type": "price_change"}}
{"_local_timestamp": "2026-01-25T23:33:27.385524+00:00", "data": {"market": "0x966c4246b6fd493d3c8d8a78cd01af7e9ab37bfcdcfc443e52fff05c849849d3", "price_changes": [{"asset_id": "30067386062907888066453898823774239601138550807546707350388500862876873138732", "price": "0.002", "size": "488.87", "side": "BUY", "hash": "0fc84fc5f28abf1ca1315a9cdb129e6f226b9d80", "best_bid": "0.027", "best_ask": "0.067"}, {"asset_id": "53912148792122350875306836591858850656555508262107599828438357128873832212220", "price": "0.998", "size": "488.87", "side": "SELL", "hash": "98139ea8a94415520b2cec2b4e778f1b8d702f36", "best_bid": "0.933", "best_ask": "0.973"}], "timestamp": "1769384007313", "event_type": "price_change"}}
{"_local_timestamp": "2026-01-25T23:33:32.077275+00:00", "data": {"market": "0x966c4246b6fd493d3c8d8a78cd01af7e9ab37bfcdcfc443e52fff05c849849d3", "price_changes": [{"asset_id": "30067386062907888066453898823774239601138550807546707350388500862876873138732", "price": "0.002", "size": "483.81", "side": "BUY", "hash": "4de24c9fb8db6db0dca78ce91830d1c95bfd3885", "best_bid": "0.027", "best_ask": "0.067"}, {"asset_id": "53912148792122350875306836591858850656555508262107599828438357128873832212220", "price": "0.998", "size": "483.81", "side": "SELL", "hash": "cba6c3aa699778e490ae2b66dfbdfade965f7b34", "best_bid": "0.933", "best_ask": "0.973"}], "timestamp": "1769384012000", "event_type": "price_change"}}
{"_local_timestamp": "2026-01-25T23:33:53.132384+00:00", "data": {"market": "0x966c4246b6fd493d3c8d8a78cd01af7e9ab37bfcdcfc443e52fff05c849849d3", "price_changes": [{"asset_id": "30067386062907888066453898823774239601138550807546707350388500862876873138732", "price": "0.002", "size": "229.95", "side": "BUY", "hash": "57246381432e182c18e4521c2cdc75047680f6b0", "best_bid": "0.027", "best_ask": "0.067"}, {"asset_id": "53912148792122350875306836591858850656555508262107599828438357128873832212220", "price": "0.998", "size": "229.95", "side": "SELL", "hash": "fdf56b31275391099be9ad32aa3f74cbdd7f3d1a", "best_bid": "0.933", "best_ask": "0.973"}], "timestamp": "1769384033050", "event_type": "price_change"}}
{"_local_timestamp": "2026-01-25T23:33:56.397076+00:00", "data": {"market": "0x966c4246b6fd493d3c8d8a78cd01af7e9ab37bfcdcfc443e52fff05c849849d3", "price_changes": [{"asset_id": "30067386062907888066453898823774239601138550807546707350388500862876873138732", "price": "0.002", "size": "258.73", "side": "BUY", "hash": "1e2cb4cbbc1d0822fbdbd81f4d6ed8a40d2c404b", "best_bid": "0.027", "best_ask": "0.067"}, {"asset_id": "53912148792122350875306836591858850656555508262107599828438357128873832212220", "price": "0.998", "size": "258.73", "side": "SELL", "hash": "ad2375cd73b0387a7b7a5f9848187e684e98ac92", "best_bid": "0.933", "best_ask": "0.973"}], "timestamp": "1769384036304", "event_type": "price_change"}}
{"_local_timestamp": "2026-01-25T23:33:56.397433+00:00", "data": {"market": "0x966c4246b6fd493d3c8d8a78cd01af7e9ab37bfcdcfc443e52fff05c849849d3", "price_changes": [{"asset_id": "30067386062907888066453898823774239601138550807546707350388500862876873138732", "price": "0.004", "size": "115.06", "side": "BUY", "hash": "37309e05f3588ec12f61fff1abfacab5859a25d6", "best_bid": "0.027", "best_ask": "0.067"}, {"asset_id": "53912148792122350875306836591858850656555508262107599828438357128873832212220", "price": "0.996", "size": "115.06", "side": "SELL", "hash": "86bdff54965875742de24219ef361a840e238e58", "best_bid": "0.933", "best_ask": "0.973"}], "timestamp": "1769384036308", "event_type": "price_change"}}
{"_local_timestamp": "2026-01-25T23:33:56.405623+00:00", "data": {"market": "0x966c4246b6fd493d3c8d8a78cd01af7e9ab37bfcdcfc443e52fff05c849849d3", "price_changes": [{"asset_id": "30067386062907888066453898823774239601138550807546707350388500862876873138732", "price": "0.003", "size": "0", "side": "BUY", "hash": "10d4d1ed7d18b38bb2707bda8ab32870a2c46855", "best_bid": "0.027", "best_ask": "0.067"}, {"asset_id": "53912148792122350875306836591858850656555508262107599828438357128873832212220", "price": "0.997", "size": "0", "side": "SELL", "hash": "017a9d582c97805573d469ebed7690fe6333441d", "best_bid": "0.933", "best_ask": "0.973"}], "timestamp": "1769384036333", "event_type": "price_change"}}
{"_local_timestamp": "2026-01-25T23:33:56.441962+00:00", "data": {"market": "0x966c4246b6fd493d3c8d8a78cd01af7e9ab37bfcdcfc443e52fff05c849849d3", "price_changes": [{"asset_id": "30067386062907888066453898823774239601138550807546707350388500862876873138732", "price": "0.005", "size": "136", "side": "BUY", "hash": "763ae7391e6a15a2ecc89b360b3cdce07b5c25cb", "best_bid": "0.027", "best_ask": "0.067"}, {"asset_id": "53912148792122350875306836591858850656555508262107599828438357128873832212220", "price": "0.995", "size": "136", "side": "SELL", "hash": "69cf0581df630989498c2f2ea500043c1fe1eddf", "best_bid": "0.933", "best_ask": "0.973"}], "timestamp": "1769384036371", "event_type": "price_change"}}
{"_local_timestamp": "2026-01-25T23:33:56.931446+00:00", "data": {"market": "0x966c4246b6fd493d3c8d8a78cd01af7e9ab37bfcdcfc443e52fff05c849849d3", "price_changes": [{"asset_id": "53912148792122350875306836591858850656555508262107599828438357128873832212220", "price": "0.267", "size": "0", "side": "BUY", "hash": "a9c929bf983db94dd7b32f91c0f44ef33609bd54", "best_bid": "0.933", "best_ask": "0.973"}, {"asset_id": "30067386062907888066453898823774239601138550807546707350388500862876873138732", "price": "0.733", "size": "0", "side": "SELL", "hash": "b32a0cbc685686eb4781376955df297f6b4cf393", "best_bid": "0.027", "best_ask": "0.067"}], "timestamp": "1769384036852", "event_type": "price_change"}}
{"_local_timestamp": "2026-01-25T23:33:59.682641+00:00", "data": {"market": "0x966c4246b6fd493d3c8d8a78cd01af7e9ab37bfcdcfc443e52fff05c849849d3", "price_changes": [{"asset_id": "53912148792122350875306836591858850656555508262107599828438357128873832212220", "price": "0.267", "size": "5", "side": "BUY", "hash": "52ac5cb94f0f26dfe5e15c9e8b9df561e2d4d09f", "best_bid": "0.933", "best_ask": "0.973"}, {"asset_id": "30067386062907888066453898823774239601138550807546707350388500862876873138732", "price": "0.733", "size": "5", "side": "SELL", "hash": "cc717ee3426d845334b2fe1c5a1f52913e8b3615", "best_bid": "0.027", "best_ask": "0.067"}], "timestamp": "1769384039608", "event_type": "price_change"}}
{"_local_timestamp": "2026-01-25T23:36:03.774150+00:00", "data": {"market": "0x966c4246b6fd493d3c8d8a78cd01af7e9ab37bfcdcfc443e52fff05c849849d3", "price_changes": [{"asset_id": "30067386062907888066453898823774239601138550807546707350388500862876873138732", "price": "0.002", "size": "125.67", "side": "BUY", "hash": "b89b57360d212371d5f4936d3ce52ef60a338a46", "best_bid": "0.027", "best_ask": "0.067"}, {"asset_id": "53912148792122350875306836591858850656555508262107599828438357128873832212220", "price": "0.998", "size": "125.67", "side": "SELL", "hash": "ca1b68cd05e1b50f2ed6c9e82088e75d1857e3a6", "best_bid": "0.933", "best_ask": "0.973"}], "timestamp": "1769384163687", "event_type": "price_change"}}
{"_local_timestamp": "2026-01-25T23:36:03.775573+00:00", "data": {"market": "0x966c4246b6fd493d3c8d8a78cd01af7e9ab37bfcdcfc443e52fff05c849849d3", "price_changes": [{"asset_id": "30067386062907888066453898823774239601138550807546707350388500862876873138732", "price": "0.004", "size": "0", "side": "BUY", "hash": "b89b57360d212371d5f4936d3ce52ef60a338a46", "best_bid": "0.027", "best_ask": "0.067"}, {"asset_id": "53912148792122350875306836591858850656555508262107599828438357128873832212220", "price": "0.996", "size": "0", "side": "SELL", "hash": "ca1b68cd05e1b50f2ed6c9e82088e75d1857e3a6", "best_bid": "0.933", "best_ask": "0.973"}], "timestamp": "1769384163687", "event_type": "price_change"}}
{"_local_timestamp": "2026-01-25T23:36:03.785207+00:00", "data": {"market": "0x966c4246b6fd493d3c8d8a78cd01af7e9ab37bfcdcfc443e52fff05c849849d3", "price_changes": [{"asset_id": "30067386062907888066453898823774239601138550807546707350388500862876873138732", "price": "0.005", "size": "0", "side": "BUY", "hash": "7e3d2b2bfa5a3a0d2cfc7741bafceb6ec2acfbd7", "best_bid": "0.027", "best_ask": "0.067"}, {"asset_id": "53912148792122350875306836591858850656555508262107599828438357128873832212220", "price": "0.995", "size": "0", "side": "SELL", "hash": "ea7c521db1ec80e9542281f4cd523a78de7fb7d0", "best_bid": "0.933", "best_ask": "0.973"}], "timestamp": "1769384163713", "event_type": "price_change"}}
{"_local_timestamp": "2026-01-25T23:36:03.810604+00:00", "data": {"market": "0x966c4246b6fd493d3c8d8a78cd01af7e9ab37bfcdcfc443e52fff05c849849d3", "price_changes": [{"asset_id": "30067386062907888066453898823774239601138550807546707350388500862876873138732", "price": "0.003", "size": "138", "side": "BUY", "hash": "d91260aea833705534750a8875951ffe57cd901f", "best_bid": "0.027", "best_ask": "0.067"}, {"asset_id": "53912148792122350875306836591858850656555508262107599828438357128873832212220", "price": "0.997", "size": "138", "side": "SELL", "hash": "dd7411d3009743df6ea8cd37fe9f928c06890bb3", "best_bid": "0.933", "best_ask": "0.973"}], "timestamp": "1769384163739", "event_type": "price_change"}}
{"_local_timestamp": "2026-01-25T23:36:04.138904+00:00", "data": {"market": "0x966c4246b6fd493d3c8d8a78cd01af7e9ab37bfcdcfc443e52fff05c849849d3", "price_changes": [{"asset_id": "30067386062907888066453898823774239601138550807546707350388500862876873138732", "price": "0.002", "size": "133.3", "side": "BUY", "hash": "9cb7c00379464e8a7dba49413dae79c87f52f6c2", "best_bid": "0.027", "best_ask": "0.067"}, {"asset_id": "53912148792122350875306836591858850656555508262107599828438357128873832212220", "price": "0.998", "size": "133.3", "side": "SELL", "hash": "63d4e9259e8a5893cdc7b85b54b9e32453a3a653", "best_bid": "0.933", "best_ask": "0.973"}], "timestamp": "1769384164052", "event_type": "price_change"}}
{"_local_timestamp": "2026-01-25T23:36:04.139424+00:00", "data": {"market": "0x966c4246b6fd493d3c8d8a78cd01af7e9ab37bfcdcfc443e52fff05c849849d3", "price_changes": [{"asset_id": "30067386062907888066453898823774239601138550807546707350388500862876873138732", "price": "0.006", "size": "118.52", "side": "BUY", "hash": "3b6b56763d2fc0d50d0143b073b37275841e6a16", "best_bid": "0.027", "best_ask": "0.067"}, {"asset_id": "53912148792122350875306836591858850656555508262107599828438357128873832212220", "price": "0.994", "size": "118.52", "side": "SELL", "hash": "4331b754af53dee0a3621f4133e7d62bc2ea208a", "best_bid": "0.933", "best_ask": "0.973"}], "timestamp": "1769384164054", "event_type": "price_change"}}
{"_local_timestamp": "2026-01-25T23:36:05.214617+00:00", "data": {"market": "0x966c4246b6fd493d3c8d8a78cd01af7e9ab37bfcdcfc443e52fff05c849849d3", "price_changes": [{"asset_id": "30067386062907888066453898823774239601138550807546707350388500862876873138732", "price": "0.003", "size": "0", "side": "BUY", "hash": "e7399933aadd92f056c413631464f137396cf94e", "best_bid": "0.027", "best_ask": "0.067"}, {"asset_id": "53912148792122350875306836591858850656555508262107599828438357128873832212220", "price": "0.997", "size": "0", "side": "SELL", "hash": "1ccbf32fca79c72cbc4aa8365ed829ffa1af3409", "best_bid": "0.933", "best_ask": "0.973"}], "timestamp": "1769384165145", "event_type": "price_change"}}
{"_local_timestamp": "2026-01-25T23:36:05.247067+00:00", "data": {"market": "0x966c4246b6fd493d3c8d8a78cd01af7e9ab37bfcdcfc443e52fff05c849849d3", "price_changes": [{"asset_id": "30067386062907888066453898823774239601138550807546707350388500862876873138732", "price": "0.007", "size": "134", "side": "BUY", "hash": "001790ea8146bedf69100a16617e3ce79673a34f", "best_bid": "0.027", "best_ask": "0.067"}, {"asset_id": "53912148792122350875306836591858850656555508262107599828438357128873832212220", "price": "0.993", "size": "134", "side": "SELL", "hash": "0fa599b1de644933009674b43a1d6960506af79d", "best_bid": "0.933", "best_ask": "0.973"}], "timestamp": "1769384165170", "event_type": "price_change"}}
{"_local_timestamp": "2026-01-25T23:36:05.550900+00:00", "data": {"market": "0x966c4246b6fd493d3c8d8a78cd01af7e9ab37bfcdcfc443e52fff05c849849d3", "price_changes": [{"asset_id": "53912148792122350875306836591858850656555508262107599828438357128873832212220", "price": "0.267", "size": "0", "side": "BUY", "hash": "41791e57f81d41c0b619a7f093bd6c93eb9ccbf9", "best_bid": "0.933", "best_ask": "0.973"}, {"asset_id": "30067386062907888066453898823774239601138550807546707350388500862876873138732", "price": "0.733", "size": "0", "side": "SELL", "hash": "724ac02529fb124cc4b8cb3e43db116f25f4b0f5", "best_bid": "0.027", "best_ask": "0.067"}], "timestamp": "1769384165475", "event_type": "price_change"}}
{"_local_timestamp": "2026-01-25T23:36:05.930784+00:00", "data": {"market": "0x966c4246b6fd493d3c8d8a78cd01af7e9ab37bfcdcfc443e52fff05c849849d3", "price_changes": [{"asset_id": "53912148792122350875306836591858850656555508262107599828438357128873832212220", "price": "0.267", "size": "5", "side": "BUY", "hash": "ca3d4d9bb3abde39eeb605b3054b5c9df90102ef", "best_bid": "0.933", "best_ask": "0.973"}, {"asset_id": "30067386062907888066453898823774239601138550807546707350388500862876873138732", "price": "0.733", "size": "5", "side": "SELL", "hash": "3351a277d9f8d4ba92111aef95e9844a2277d437", "best_bid": "0.027", "best_ask": "0.067"}], "timestamp": "1769384165863", "event_type": "price_change"}}
{"_local_timestamp": "2026-01-25T23:36:09.426958+00:00", "data": {"market": "0x966c4246b6fd493d3c8d8a78cd01af7e9ab37bfcdcfc443e52fff05c849849d3", "price_changes": [{"asset_id": "30067386062907888066453898823774239601138550807546707350388500862876873138732", "price": "0.002", "size": "110.2", "side": "BUY", "hash": "af8946192e754f0743d87db532a70f73288b6d4f", "best_bid": "0.027", "best_ask": "0.067"}, {"asset_id": "53912148792122350875306836591858850656555508262107599828438357128873832212220", "price": "0.998", "size": "110.2", "side": "SELL", "hash": "5b0b0b66cf96b0e8d7758a5fc36a189a57fcabd3", "best_bid": "0.933", "best_ask": "0.973"}], "timestamp": "1769384169355", "event_type": "price_change"}}
{"_local_timestamp": "2026-01-25T23:36:09.435572+00:00", "data": {"market": "0x966c4246b6fd493d3c8d8a78cd01af7e9ab37bfcdcfc443e52fff05c849849d3", "price_changes": [{"asset_id": "30067386062907888066453898823774239601138550807546707350388500862876873138732", "price": "0.006", "size": "0", "side": "BUY", "hash": "af8946192e754f0743d87db532a70f73288b6d4f", "best_bid": "0.027", "best_ask": "0.067"}, {"asset_id": "53912148792122350875306836591858850656555508262107599828438357128873832212220", "price": "0.994", "size": "0", "side": "SELL", "hash": "5b0b0b66cf96b0e8d7758a5fc36a189a57fcabd3", "best_bid": "0.933", "best_ask": "0.973"}], "timestamp": "1769384169355", "event_type": "price_change"}}
{"_local_timestamp": "2026-01-25T23:36:09.791424+00:00", "data": {"market": "0x966c4246b6fd493d3c8d8a78cd01af7e9ab37bfcdcfc443e52fff05c849849d3", "price_changes": [{"asset_id": "30067386062907888066453898823774239601138550807546707350388500862876873138732", "price": "0.008", "size": "94.66", "side": "BUY", "hash": "e5ecde3be8aacfbee1904232e55d0ed2e5664ea3", "best_bid": "0.027", "best_ask": "0.067"}, {"asset_id": "53912148792122350875306836591858850656555508262107599828438357128873832212220", "price": "0.992", "size": "94.66", "side": "SELL", "hash": "070598db750140a3d11133098db1e9db4a17424e", "best_bid": "0.933", "best_ask": "0.973"}], "timestamp": "1769384169720", "event_type": "price_change"}}
{"_local_timestamp": "2026-01-25T23:36:09.814780+00:00", "data": {"market": "0x966c4246b6fd493d3c8d8a78cd01af7e9ab37bfcdcfc443e52fff05c849849d3", "price_changes": [{"asset_id": "30067386062907888066453898823774239601138550807546707350388500862876873138732", "price": "0.007", "size": "0", "side": "BUY", "hash": "b774218e7e66c11f7061e11cd6a4e248b64020b2", "best_bid": "0.027", "best_ask": "0.067"}, {"asset_id": "53912148792122350875306836591858850656555508262107599828438357128873832212220", "price": "0.993", "size": "0", "side": "SELL", "hash": "3b65e2f9e6e91924c5e817e9e7a1b159fb220b51", "best_bid": "0.933", "best_ask": "0.973"}], "timestamp": "1769384169745", "event_type": "price_change"}}
{"_local_timestamp": "2026-01-25T23:36:09.840974+00:00", "data": {"market": "0x966c4246b6fd493d3c8d8a78cd01af7e9ab37bfcdcfc443e52fff05c849849d3", "price_changes": [{"asset_id": "30067386062907888066453898823774239601138550807546707350388500862876873138732", "price": "0.009", "size": "127", "side": "BUY", "hash": "e11e233a50bf727f4bf24ba10965d9589c2b46bf", "best_bid": "0.027", "best_ask": "0.067"}, {"asset_id": "53912148792122350875306836591858850656555508262107599828438357128873832212220", "price": "0.991", "size": "127", "side": "SELL", "hash": "2f2bbaace73ba6230bb99dfe3d25987c0e901485", "best_bid": "0.933", "best_ask": "0.973"}], "timestamp": "1769384169771", "event_type": "price_change"}}
{"_local_timestamp": "2026-01-25T23:36:11.177204+00:00", "data": {"market": "0x966c4246b6fd493d3c8d8a78cd01af7e9ab37bfcdcfc443e52fff05c849849d3", "price_changes": [{"asset_id": "30067386062907888066453898823774239601138550807546707350388500862876873138732", "price": "0.008", "size": "0", "side": "BUY", "hash": "83c17f72192fa5e00759caf1d07ff7b34ed49a3a", "best_bid": "0.027", "best_ask": "0.067"}, {"asset_id": "53912148792122350875306836591858850656555508262107599828438357128873832212220", "price": "0.992", "size": "0", "side": "SELL", "hash": "8726c8b7c93ae9e207f3b310dac1cffd5bd3a616", "best_bid": "0.933", "best_ask": "0.973"}], "timestamp": "1769384171085", "event_type": "price_change"}}
{"_local_timestamp": "2026-01-25T23:36:11.190867+00:00", "data": {"market": "0x966c4246b6fd493d3c8d8a78cd01af7e9ab37bfcdcfc443e52fff05c849849d3", "price_changes": [{"asset_id": "30067386062907888066453898823774239601138550807546707350388500862876873138732", "price": "0.009", "size": "0", "side": "BUY", "hash": "bc57c5f7cd9139880f676ab88d8127c6298240d2", "best_bid": "0.027", "best_ask": "0.067"}, {"asset_id": "53912148792122350875306836591858850656555508262107599828438357128873832212220", "price": "0.991", "size": "0", "side": "SELL", "hash": "9562cb37559ac4494fb31d883abc8a5241324f4c", "best_bid": "0.933", "best_ask": "0.973"}], "timestamp": "1769384171112", "event_type": "price_change"}}
{"_local_timestamp": "2026-01-25T23:36:11.205094+00:00", "data": {"market": "0x966c4246b6fd493d3c8d8a78cd01af7e9ab37bfcdcfc443e52fff05c849849d3", "price_changes": [{"asset_id": "30067386062907888066453898823774239601138550807546707350388500862876873138732", "price": "0.003", "size": "137", "side": "BUY", "hash": "4a79d68619c073a660d5ebbfeecf54b95211e309", "best_bid": "0.027", "best_ask": "0.067"}, {"asset_id": "53912148792122350875306836591858850656555508262107599828438357128873832212220", "price": "0.997", "size": "137", "side": "SELL", "hash": "51b5f368bc352c6b7be52eee8428ee90ec01d4b5", "best_bid": "0.933", "best_ask": "0.973"}], "timestamp": "1769384171138", "event_type": "price_change"}}
{"_local_timestamp": "2026-01-25T23:36:11.462414+00:00", "data": {"market": "0x966c4246b6fd493d3c8d8a78cd01af7e9ab37bfcdcfc443e52fff05c849849d3", "price_changes": [{"asset_id": "30067386062907888066453898823774239601138550807546707350388500862876873138732", "price": "0.002", "size": "488.87", "side": "BUY", "hash": "c119171f0d9907611c1a2228b2c990add296dc4d", "best_bid": "0.027", "best_ask": "0.067"}, {"asset_id": "53912148792122350875306836591858850656555508262107599828438357128873832212220", "price": "0.998", "size": "488.87", "side": "SELL", "hash": "4c6c0861508259f34862ac7fb49e7bb2068d5098", "best_bid": "0.933", "best_ask": "0.973"}], "timestamp": "1769384171389", "event_type": "price_change"}}
{"_local_timestamp": "2026-01-25T23:36:11.943053+00:00", "data": {"market": "0x966c4246b6fd493d3c8d8a78cd01af7e9ab37bfcdcfc443e52fff05c849849d3", "price_changes": [{"asset_id": "53912148792122350875306836591858850656555508262107599828438357128873832212220", "price": "0.267", "size": "0", "side": "BUY", "hash": "a58656966601bae8cb1e9d0a046f390aed2cff09", "best_bid": "0.933", "best_ask": "0.973"}, {"asset_id": "30067386062907888066453898823774239601138550807546707350388500862876873138732", "price": "0.733", "size": "0", "side": "SELL", "hash": "bd89173f9ffbf8957c89f7e6bed97bdedb2cfcc7", "best_bid": "0.027", "best_ask": "0.067"}], "timestamp": "1769384171868", "event_type": "price_change"}}
{"_local_timestamp": "2026-01-25T23:36:12.286760+00:00", "data": {"market": "0x966c4246b6fd493d3c8d8a78cd01af7e9ab37bfcdcfc443e52fff05c849849d3", "price_changes": [{"asset_id": "53912148792122350875306836591858850656555508262107599828438357128873832212220", "price": "0.267", "size": "5", "side": "BUY", "hash": "7a0c468c8e18a8f23b43100597163d453d2aa21b", "best_bid": "0.933", "best_ask": "0.973"}, {"asset_id": "30067386062907888066453898823774239601138550807546707350388500862876873138732", "price": "0.733", "size": "5", "side": "SELL", "hash": "c88ffdd727935f5b2d18f8ebf1752e2f42a185dc", "best_bid": "0.027", "best_ask": "0.067"}], "timestamp": "1769384172215", "event_type": "price_change"}}
{"_local_timestamp": "2026-01-25T23:36:12.830575+00:00", "data": {"market": "0x966c4246b6fd493d3c8d8a78cd01af7e9ab37bfcdcfc443e52fff05c849849d3", "price_changes": [{"asset_id": "30067386062907888066453898823774239601138550807546707350388500862876873138732", "price": "0.002", "size": "110.2", "side": "BUY", "hash": "7634f42ea5896d57e0625f42428ba2e28bd0007b", "best_bid": "0.027", "best_ask": "0.067"}, {"asset_id": "53912148792122350875306836591858850656555508262107599828438357128873832212220", "price": "0.998", "size": "110.2", "side": "SELL", "hash": "06629b44ebe74997bc7aa6d48bdd4f8498e08164", "best_bid": "0.933", "best_ask": "0.973"}], "timestamp": "1769384172756", "event_type": "price_change"}}
{"_local_timestamp": "2026-01-25T23:36:13.065800+00:00", "data": {"market": "0x966c4246b6fd493d3c8d8a78cd01af7e9ab37bfcdcfc443e52fff05c849849d3", "price_changes": [{"asset_id": "30067386062907888066453898823774239601138550807546707350388500862876873138732", "price": "0.002", "size": "274.36", "side": "BUY", "hash": "64d53306d08545d5e90d37d0cfdb9d3af29a8604", "best_bid": "0.027", "best_ask": "0.067"}, {"asset_id": "53912148792122350875306836591858850656555508262107599828438357128873832212220", "price": "0.998", "size": "274.36", "side": "SELL", "hash": "19375a36df570db33c6d73f1327507a89e9994cf", "best_bid": "0.933", "best_ask": "0.973"}], "timestamp": "1769384172999", "event_type": "price_change"}}
{"_local_timestamp": "2026-01-25T23:36:13.074271+00:00", "data": {"market": "0x966c4246b6fd493d3c8d8a78cd01af7e9ab37bfcdcfc443e52fff05c849849d3", "price_changes": [{"asset_id": "30067386062907888066453898823774239601138550807546707350388500862876873138732", "price": "0.004", "size": "107.25", "side": "BUY", "hash": "b2d401825c373c69d35755b5a772add7f33e3a30", "best_bid": "0.027", "best_ask": "0.067"}, {"asset_id": "53912148792122350875306836591858850656555508262107599828438357128873832212220", "price": "0.996", "size": "107.25", "side": "SELL", "hash": "eaa819d2ba8493be873324998b021d06ab488eb5", "best_bid": "0.933", "best_ask": "0.973"}], "timestamp": "1769384173000", "event_type": "price_change"}}
{"_local_timestamp": "2026-01-25T23:36:13.121847+00:00", "data": {"market": "0x966c4246b6fd493d3c8d8a78cd01af7e9ab37bfcdcfc443e52fff05c849849d3", "price_changes": [{"asset_id": "30067386062907888066453898823774239601138550807546707350388500862876873138732", "price": "0.003", "size": "0", "side": "BUY", "hash": "a13a09decc1c94d30621afbf5318d14e4ca76581", "best_bid": "0.027", "best_ask": "0.067"}, {"asset_id": "53912148792122350875306836591858850656555508262107599828438357128873832212220", "price": "0.997", "size": "0", "side": "SELL", "hash": "762e16684b24244c57567c01d90a025f7eb5faae", "best_bid": "0.933", "best_ask": "0.973"}], "timestamp": "1769384173029", "event_type": "price_change"}}
{"_local_timestamp": "2026-01-25T23:36:13.127576+00:00", "data": {"market": "0x966c4246b6fd493d3c8d8a78cd01af7e9ab37bfcdcfc443e52fff05c849849d3", "price_changes": [{"asset_id": "30067386062907888066453898823774239601138550807546707350388500862876873138732", "price": "0.005", "size": "137", "side": "BUY", "hash": "7a96c2d14e7cbc5efe47c333e46e7311270bc771", "best_bid": "0.027", "best_ask": "0.067"}, {"asset_id": "53912148792122350875306836591858850656555508262107599828438357128873832212220", "price": "0.995", "size": "137", "side": "SELL", "hash": "603bb9f2425996690ae06e85a59ef77838b678a1", "best_bid": "0.933", "best_ask": "0.973"}], "timestamp": "1769384173059", "event_type": "price_change"}}
{"_local_timestamp": "2026-01-25T23:36:15.580567+00:00", "data": {"market": "0x966c4246b6fd493d3c8d8a78cd01af7e9ab37bfcdcfc443e52fff05c849849d3", "price_changes": [{"asset_id": "30067386062907888066453898823774239601138550807546707350388500862876873138732", "price": "0.002", "size": "110.2", "side": "BUY", "hash": "5378b9cfb925109ca63e40feaa3fb7de4b8a283e", "best_bid": "0.027", "best_ask": "0.067"}, {"asset_id": "53912148792122350875306836591858850656555508262107599828438357128873832212220", "price": "0.998", "size": "110.2", "side": "SELL", "hash": "48cdf1ed1a50dfbede11f1bb6e06d9e710e9495a", "best_bid": "0.933", "best_ask": "0.973"}], "timestamp": "1769384175494", "event_type": "price_change"}}
{"_local_timestamp": "2026-01-25T23:36:15.585317+00:00", "data": {"market": "0x966c4246b6fd493d3c8d8a78cd01af7e9ab37bfcdcfc443e52fff05c849849d3", "price_changes": [{"asset_id": "30067386062907888066453898823774239601138550807546707350388500862876873138732", "price": "0.004", "size": "0", "side": "BUY", "hash": "5378b9cfb925109ca63e40feaa3fb7de4b8a283e", "best_bid": "0.027", "best_ask": "0.067"}, {"asset_id": "53912148792122350875306836591858850656555508262107599828438357128873832212220", "price": "0.996", "size": "0", "side": "SELL", "hash": "48cdf1ed1a50dfbede11f1bb6e06d9e710e9495a", "best_bid": "0.933", "best_ask": "0.973"}], "timestamp": "1769384175494", "event_type": "price_change"}}
{"_local_timestamp": "2026-01-25T23:36:15.951210+00:00", "data": {"market": "0x966c4246b6fd493d3c8d8a78cd01af7e9ab37bfcdcfc443e52fff05c849849d3", "price_changes": [{"asset_id": "30067386062907888066453898823774239601138550807546707350388500862876873138732", "price": "0.002", "size": "131.35", "side": "BUY", "hash": "0df009df4d7b3c494446581633950ff396277f1d", "best_bid": "0.027", "best_ask": "0.067"}, {"asset_id": "53912148792122350875306836591858850656555508262107599828438357128873832212220", "price": "0.998", "size": "131.35", "side": "SELL", "hash": "2659d4130f1238548dbdc0d279ac89affeaf2769", "best_bid": "0.933", "best_ask": "0.973"}], "timestamp": "1769384175881", "event_type": "price_change"}}
{"_local_timestamp": "2026-01-25T23:36:15.954662+00:00", "data": {"market": "0x966c4246b6fd493d3c8d8a78cd01af7e9ab37bfcdcfc443e52fff05c849849d3", "price_changes": [{"asset_id": "30067386062907888066453898823774239601138550807546707350388500862876873138732", "price": "0.006", "size": "119.17", "side": "BUY", "hash": "c066f99661e18c5f880f6f74ab1be19662370cb1", "best_bid": "0.027", "best_ask": "0.067"}, {"asset_id": "53912148792122350875306836591858850656555508262107599828438357128873832212220", "price": "0.994", "size": "119.17", "side": "SELL", "hash": "43c32ad0867b1e8067b5000ca5cc948c416bcec4", "best_bid": "0.933", "best_ask": "0.973"}], "timestamp": "1769384175882", "event_type": "price_change"}}
{"_local_timestamp": "2026-01-25T23:36:15.976334+00:00", "data": {"market": "0x966c4246b6fd493d3c8d8a78cd01af7e9ab37bfcdcfc443e52fff05c849849d3", "price_changes": [{"asset_id": "30067386062907888066453898823774239601138550807546707350388500862876873138732", "price": "0.005", "size": "0", "side": "BUY", "hash": "aa52cd3444c94e0ecb2641cd9368cc248c6cb4ed", "best_bid": "0.027", "best_ask": "0.067"}, {"asset_id": "53912148792122350875306836591858850656555508262107599828438357128873832212220", "price": "0.995", "size": "0", "side": "SELL", "hash": "93adc464fa382aff7cdd4f7de1dda0397965cf32", "best_bid": "0.933", "best_ask": "0.973"}], "timestamp": "1769384175907", "event_type": "price_change"}}
{"_local_timestamp": "2026-01-25T23:36:16.003617+00:00", "data": {"market": "0x966c4246b6fd493d3c8d8a78cd01af7e9ab37bfcdcfc443e52fff05c849849d3", "price_changes": [{"asset_id": "30067386062907888066453898823774239601138550807546707350388500862876873138732", "price": "0.007", "size": "134", "side": "BUY", "hash": "4983bf81cc65ad9889df8a39654ad77f4f8bed2d", "best_bid": "0.027", "best_ask": "0.067"}, {"asset_id": "53912148792122350875306836591858850656555508262107599828438357128873832212220", "price": "0.993", "size": "134", "side": "SELL", "hash": "38f70ffdee555de37dce6dd0fb6c9880dbcca280", "best_bid": "0.933", "best_ask": "0.973"}], "timestamp": "1769384175931", "event_type": "price_change"}}
{"_local_timestamp": "2026-01-25T23:36:16.872600+00:00", "data": {"market": "0x966c4246b6fd493d3c8d8a78cd01af7e9ab37bfcdcfc443e52fff05c849849d3", "price_changes": [{"asset_id": "30067386062907888066453898823774239601138550807546707350388500862876873138732", "price": "0.002", "size": "110.2", "side": "BUY", "hash": "dd9ec827ca7d48507749ffad2ed05a62e2aea18e", "best_bid": "0.027", "best_ask": "0.067"}, {"asset_id": "53912148792122350875306836591858850656555508262107599828438357128873832212220", "price": "0.998", "size": "110.2", "side": "SELL", "hash": "10781caaab3100a1dd4a5fad3ab52a1b6e7f215c", "best_bid": "0.933", "best_ask": "0.973"}], "timestamp": "1769384176804", "event_type": "price_change"}}
{"_local_timestamp": "2026-01-25T23:36:16.874272+00:00", "data": {"market": "0x966c4246b6fd493d3c8d8a78cd01af7e9ab37bfcdcfc443e52fff05c849849d3", "price_changes": [{"asset_id": "30067386062907888066453898823774239601138550807546707350388500862876873138732", "price": "0.006", "size": "0", "side": "BUY", "hash": "dd9ec827ca7d48507749ffad2ed05a62e2aea18e", "best_bid": "0.027", "best_ask": "0.067"}, {"asset_id": "53912148792122350875306836591858850656555508262107599828438357128873832212220", "price": "0.994", "size": "0", "side": "SELL", "hash": "10781caaab3100a1dd4a5fad3ab52a1b6e7f215c", "best_bid": "0.933", "best_ask": "0.973"}], "timestamp": "1769384176804", "event_type": "price_change"}}
{"_local_timestamp": "2026-01-25T23:36:17.256551+00:00", "data": {"market": "0x966c4246b6fd493d3c8d8a78cd01af7e9ab37bfcdcfc443e52fff05c849849d3", "price_changes": [{"asset_id": "30067386062907888066453898823774239601138550807546707350388500862876873138732", "price": "0.008", "size": "94.66", "side": "BUY", "hash": "beed87d739db7757c08988d73089e8bb843b2a01", "best_bid": "0.027", "best_ask": "0.067"}, {"asset_id": "53912148792122350875306836591858850656555508262107599828438357128873832212220", "price": "0.992", "size": "94.66", "side": "SELL", "hash": "226bb2220952eb57403303850ee2cf9565d9f6cb", "best_bid": "0.933", "best_ask": "0.973"}], "timestamp": "1769384177182", "event_type": "price_change"}}
{"_local_timestamp": "2026-01-25T23:36:17.286277+00:00", "data": {"market": "0x966c4246b6fd493d3c8d8a78cd01af7e9ab37bfcdcfc443e52fff05c849849d3", "price_changes": [{"asset_id": "30067386062907888066453898823774239601138550807546707350388500862876873138732", "price": "0.007", "size": "0", "side": "BUY", "hash": "2d73309fba31c398018188680fbeabb6ace04f1f", "best_bid": "0.027", "best_ask": "0.067"}, {"asset_id": "53912148792122350875306836591858850656555508262107599828438357128873832212220", "price": "0.993", "size": "0", "side": "SELL", "hash": "3ec433eab4e1e9b86d8de519c8e08b867553d863", "best_bid": "0.933", "best_ask": "0.973"}], "timestamp": "1769384177216", "event_type": "price_change"}}
{"_local_timestamp": "2026-01-25T23:36:17.319601+00:00", "data": {"market": "0x966c4246b6fd493d3c8d8a78cd01af7e9ab37bfcdcfc443e52fff05c849849d3", "price_changes": [{"asset_id": "30067386062907888066453898823774239601138550807546707350388500862876873138732", "price": "0.009", "size": "113", "side": "BUY", "hash": "8e43883a305a3809abfb5eb0776c553090a033f4", "best_bid": "0.027", "best_ask": "0.067"}, {"asset_id": "53912148792122350875306836591858850656555508262107599828438357128873832212220", "price": "0.991", "size": "113", "side": "SELL", "hash": "aec2a16db05a2a001517e336d9b962241a182b74", "best_bid": "0.933", "best_ask": "0.973"}], "timestamp": "1769384177247", "event_type": "price_change"}}
{"_local_timestamp": "2026-01-25T23:36:18.567866+00:00", "data": {"market": "0x966c4246b6fd493d3c8d8a78cd01af7e9ab37bfcdcfc443e52fff05c849849d3", "price_changes": [{"asset_id": "30067386062907888066453898823774239601138550807546707350388500862876873138732", "price": "0.008", "size": "0", "side": "BUY", "hash": "9b9ac8cd463123791ca399b14ee22d04d4e9240c", "best_bid": "0.027", "best_ask": "0.067"}, {"asset_id": "53912148792122350875306836591858850656555508262107599828438357128873832212220", "price": "0.992", "size": "0", "side": "SELL", "hash": "064f57d593abed6e989eda09db971d7470a68169", "best_bid": "0.933", "best_ask": "0.973"}], "timestamp": "1769384178495", "event_type": "price_change"}}
{"_local_timestamp": "2026-01-25T23:36:18.589736+00:00", "data": {"market": "0x966c4246b6fd493d3c8d8a78cd01af7e9ab37bfcdcfc443e52fff05c849849d3", "price_changes": [{"asset_id": "30067386062907888066453898823774239601138550807546707350388500862876873138732", "price": "0.009", "size": "0", "side": "BUY", "hash": "6b01923717d8bd12a264c50bc5078fbf89611975", "best_bid": "0.027", "best_ask": "0.067"}, {"asset_id": "53912148792122350875306836591858850656555508262107599828438357128873832212220", "price": "0.991", "size": "0", "side": "SELL", "hash": "db4a2c021ea022e3f05297a42b80325ab74da5f9", "best_bid": "0.933", "best_ask": "0.973"}], "timestamp": "1769384178521", "event_type": "price_change"}}
{"_local_timestamp": "2026-01-25T23:36:18.615587+00:00", "data": {"market": "0x966c4246b6fd493d3c8d8a78cd01af7e9ab37bfcdcfc443e52fff05c849849d3", "price_changes": [{"asset_id": "30067386062907888066453898823774239601138550807546707350388500862876873138732", "price": "0.003", "size": "137", "side": "BUY", "hash": "d4f5bd8fd0b01b09d6b7123dd76fe5aa51e022f6", "best_bid": "0.027", "best_ask": "0.067"}, {"asset_id": "53912148792122350875306836591858850656555508262107599828438357128873832212220", "price": "0.997", "size": "137", "side": "SELL", "hash": "4159b4a5f4e61ecfe190e8ae49ccbcaa6b48ca2b", "best_bid": "0.933", "best_ask": "0.973"}], "timestamp": "1769384178547", "event_type": "price_change"}}
{"_local_timestamp": "2026-01-25T23:36:18.771585+00:00", "data": {"market": "0x966c4246b6fd493d3c8d8a78cd01af7e9ab37bfcdcfc443e52fff05c849849d3", "price_changes": [{"asset_id": "30067386062907888066453898823774239601138550807546707350388500862876873138732", "price": "0.01", "size": "68.07", "side": "BUY", "hash": "1e45e8b71a05f2cfc77ea2f8d1d4d1402f3951ca", "best_bid": "0.027", "best_ask": "0.067"}, {"asset_id": "53912148792122350875306836591858850656555508262107599828438357128873832212220", "price": "0.99", "size": "68.07", "side": "SELL", "hash": "cd7924c755496ab92fa604abbf0f3c197aaaa402", "best_bid": "0.933", "best_ask": "0.973"}], "timestamp": "1769384178698", "event_type": "price_change"}}
{"_local_timestamp": "2026-01-25T23:36:18.772036+00:00", "data": {"market": "0x966c4246b6fd493d3c8d8a78cd01af7e9ab37bfcdcfc443e52fff05c849849d3", "price_changes": [{"asset_id": "30067386062907888066453898823774239601138550807546707350388500862876873138732", "price": "0.002", "size": "148.49", "side": "BUY", "hash": "d6b853731259795a2ecb03b1cd97a74f018e199e", "best_bid": "0.027", "best_ask": "0.067"}, {"asset_id": "53912148792122350875306836591858850656555508262107599828438357128873832212220", "price": "0.998", "size": "148.49", "side": "SELL", "hash": "bdd802666338f245db078975fb69cf74a570f3a3", "best_bid": "0.933", "best_ask": "0.973"}], "timestamp": "1769384178699", "event_type": "price_change"}}
{"_local_timestamp": "2026-01-25T23:36:18.985723+00:00", "data": {"market": "0x966c4246b6fd493d3c8d8a78cd01af7e9ab37bfcdcfc443e52fff05c849849d3", "price_changes": [{"asset_id": "53912148792122350875306836591858850656555508262107599828438357128873832212220", "price": "0.267", "size": "0", "side": "BUY", "hash": "e5efbcd8fe62f8861f46b16a2e32ea9133b66814", "best_bid": "0.933", "best_ask": "0.973"}, {"asset_id": "30067386062907888066453898823774239601138550807546707350388500862876873138732", "price": "0.733", "size": "0", "side": "SELL", "hash": "78e281e6286da1f72abf3f9f212c27e7bc92c8f6", "best_bid": "0.027", "best_ask": "0.067"}], "timestamp": "1769384178919", "event_type": "price_change"}}
{"_local_timestamp": "2026-01-25T23:36:19.271028+00:00", "data": {"market": "0x966c4246b6fd493d3c8d8a78cd01af7e9ab37bfcdcfc443e52fff05c849849d3", "price_changes": [{"asset_id": "53912148792122350875306836591858850656555508262107599828438357128873832212220", "price": "0.267", "size": "5", "side": "BUY", "hash": "37b79f58737ac07a45a411371f8a41dd81d0f14a", "best_bid": "0.933", "best_ask": "0.973"}, {"asset_id": "30067386062907888066453898823774239601138550807546707350388500862876873138732", "price": "0.733", "size": "5", "side": "SELL", "hash": "282fefae66e8f2466158abbb25d3a4ff9f9ae4e2", "best_bid": "0.027", "best_ask": "0.067"}], "timestamp": "1769384179181", "event_type": "price_change"}}
