{"_local_timestamp": "2026-01-25T23:40:30.343012+00:00", "data": [{"market": "0x16fcfe6c4bc8bf2fd210f1e3b5b0d55a2115a437923dc5730d63acb62c3366c9", "asset_id": "69170306473064163780812013647523990069387767302750674849421091155270068626385", "timestamp": "1769384420147", "hash": "966ecb80d92a0acca0dab375cc0408e61a92b426", "bids": [{"price": "0.001", "size": "6101020.8"}, {"price": "0.002", "size": "90250"}, {"price": "0.003", "size": "14.04"}, {"price": "0.01", "size": "78"}, {"price": "0.011", "size": "33.99"}, {"price": "0.05", "size": "30"}, {"price": "0.101", "size": "3000"}, {"price": "0.102", "size": "5.61"}, {"price": "0.5", "size": "100"}, {"price": "0.6", "size": "44.08"}], "asks": [{"price": "0.999", "size": "110.93"}, {"price": "0.998", "size": "20.67"}, {"price": "0.99", "size": "50.28"}, {"price": "0.989", "size": "47.32"}, {"price": "0.941", "size": "20"}, {"price": "0.937", "size": "5.35"}, {"price": "0.936", "size": "48.79"}, {"price": "0.9", "size": "14"}], "event_type": "book", "last_trade_price": "0.600"}, {"market": "0x16fcfe6c4bc8bf2fd210f1e3b5b0d55a2115a437923dc5730d63acb62c3366c9", "asset_id": "103355594346838123493217461284154957347949166061676890605566123828867704884418", "timestamp": "1769384420147", "hash": "a03451305b5b37b74f8790928b3c9be2acc93969", "bids": [{"price": "0.001", "size": "110.93"}, {"price": "0.002", "size": "20.67"}, {"price": "0.01", "size": "50.28"}, {"price": "0.011", "size": "47.32"}, {"price": "0.059", "size": "20"}, {"price": "0.063", "size": "5.35"}, {"price": "0.064", "size": "48.79"}, {"price": "0.1", "size": "14"}], "asks": [{"price": "0.999", "size": "6101020.8"}, {"price": "0.998", "size": "90250"}, {"price": "0.997", "size": "14.04"}, {"price": "0.99", "size": "78"}, {"price": "0.989", "size": "33.99"}, {"price": "0.95", "size": "30"}, {"price": "0.899", "size": "3000"}, {"price": "0.898", "size": "5.61"}, {"price": "0.5", "size": "100"}, {"price": "0.4", "size": "44.08"}], "event_type": "book", "last_trade_price": "0.600"}]}
{"_local_timestamp": "2026-01-25T23:41:39.967109+00:00", "data": {"market": "0x16fcfe6c4bc8bf2fd210f1e3b5b0d55a2115a437923dc5730d63acb62c3366c9", "price_changes": [{"asset_id": "103355594346838123493217461284154957347949166061676890605566123828867704884418", "price": "0.002", "size": "0", "side": "BUY", "hash": "9a831983ed9b53f7ca9dc82e9e141c9762415cbe", "best_bid": "0.1", "best_ask": "0.4"}, {"asset_id": "69170306473064163780812013647523990069387767302750674849421091155270068626385", "price": "0.998", "size": "0", "side": "SELL", "hash": "a22a0122be0a5f6107f4c687e8be182dfc9c4776", "best_bid": "0.6", "best_ask": "0.9"}], "timestamp": "1769384499889", "event_type": "price_change"}}
{"_local_timestamp": "2026-01-25T23:41:39.968011+00:00", "data": {"market": "0x16fcfe6c4bc8bf2fd210f1e3b5b0d55a2115a437923dc5730d63acb62c3366c9", "price_changes": [{"asset_id": "103355594346838123493217461284154957347949166061676890605566123828867704884418", "price": "0.063", "size": "0", "side": "BUY", "hash": "9a831983ed9b53f7ca9dc82e9e141c9762415cbe", "best_bid": "0.1", "best_ask": "0.4"}, {"asset_id": "69170306473064163780812013647523990069387767302750674849421091155270068626385", "price": "0.937", "size": "0", "side": "SELL", "hash": "a22a0122be0a5f6107f4c687e8be182dfc9c4776", "best_bid": "0.6", "best_ask": "0.9"}], "timestamp": "1769384499889", "event_type": "price_change"}}
{"_local_timestamp": "2026-01-25T23:41:41.327157+00:00", "data": {"market": "0x16fcfe6c4bc8bf2fd210f1e3b5b0d55a2115a437923dc5730d63acb62c3366c9", "price_changes": [{"asset_id": "103355594346838123493217461284154957347949166061676890605566123828867704884418", "price": "0.002", "size": "5.12", "side": "BUY", "hash": "0b9105b77fad6f46a124b1bd918182bb769ecc3c", "best_bid": "0.1", "best_ask": "0.4"}, {"asset_id": "69170306473064163780812013647523990069387767302750674849421091155270068626385", "price": "0.998", "size": "5.12", "side": "SELL", "hash": "6d520b02589c6dbbf62ac3b240a92a8562d108a5", "best_bid": "0.6", "best_ask": "0.9"}], "timestamp": "1769384501257", "event_type": "price_change"}}
{"_local_timestamp": "2026-01-25T23:41:41.327698+00:00", "data": {"market": "0x16fcfe6c4bc8bf2fd210f1e3b5b0d55a2115a437923dc5730d63acb62c3366c9", "price_changes": [{"asset_id": "103355594346838123493217461284154957347949166061676890605566123828867704884418", "price": "0.001", "size": "117.15", "side": "BUY", "hash": "2e3ba2bd5d92415df0241354d8860de7a1bac387", "best_bid": "0.1", "best_ask": "0.4"}, {"asset_id": "69170306473064163780812013647523990069387767302750674849421091155270068626385", "price": "0.999", "size": "117.15", "side": "SELL", "hash": "5f667bcfbe970ef4bcae97860f7ccbd2678a287c", "best_bid": "0.6", "best_ask": "0.9"}], "timestamp": "1769384501259", "event_type": "price_change"}}
{"_local_timestamp": "2026-01-25T23:41:41.328216+00:00", "data": {"market": "0x16fcfe6c4bc8bf2fd210f1e3b5b0d55a2115a437923dc5730d63acb62c3366c9", "price_changes": [{"asset_id": "103355594346838123493217461284154957347949166061676890605566123828867704884418", "price": "0.06", "size": "6.03", "side": "BUY", "hash": "6a7dba508f36b435c7f2a5d779d45a431c912f2e", "best_bid": "0.1", "best_ask": "0.4"}, {"asset_id": "69170306473064163780812013647523990069387767302750674849421091155270068626385", "price": "0.94", "size": "6.03", "side": "SELL", "hash": "570f71a58febac03e55802791c297f4024ba94c0", "best_bid": "0.6", "best_ask": "0.9"}], "timestamp": "1769384501260", "event_type": "price_change"}}
{"_local_timestamp": "2026-01-25T23:41:53.761153+00:00", "data": {"market": "0x16fcfe6c4bc8bf2fd210f1e3b5b0d55a2115a437923dc5730d63acb62c3366c9", "price_changes": [{"asset_id": "69170306473064163780812013647523990069387767302750674849421091155270068626385", "price": "0.501", "size": "75.84", "side": "BUY", "hash": "48485b778a556114645381998aecd02c9dfff064", "best_bid": "0.6", "best_ask": "0.9"}, {"asset_id": "103355594346838123493217461284154957347949166061676890605566123828867704884418", "price": "0.499", "size": "75.84", "side": "SELL", "hash": "1ddbace0d0a474c1f6cca1eef39565079034f8c1", "best_bid": "0.1", "best_ask": "0.4"}], "timestamp": "1769384513689", "event_type": "price_change"}}
{"_local_timestamp": "2026-01-25T23:43:42.194797+00:00", "data": {"market": "0x16fcfe6c4bc8bf2fd210f1e3b5b0d55a2115a437923dc5730d63acb62c3366c9", "price_changes": [{"asset_id": "69170306473064163780812013647523990069387767302750674849421091155270068626385", "price": "0.501", "size": "0", "side": "BUY", "hash": "d8cfbf3c03f420265693cf44fbbe8db58a12e214", "best_bid": "0.6", "best_ask": "0.9"}, {"asset_id": "103355594346838123493217461284154957347949166061676890605566123828867704884418", "price": "0.499", "size": "0", "side": "SELL", "hash": "4d0baa1a0c113e72d5e662671cdfc7563f7e845b", "best_bid": "0.1", "best_ask": "0.4"}], "timestamp": "1769384622078", "event_type": "price_change"}}
{"_local_timestamp": "2026-01-25T23:44:47.728119+00:00", "data": {"market": "0x16fcfe6c4bc8bf2fd210f1e3b5b0d55a2115a437923dc5730d63acb62c3366c9", "price_changes": [{"asset_id": "69170306473064163780812013647523990069387767302750674849421091155270068626385", "price": "0.936", "size": "0", "side": "SELL", "hash": "4fc89d3e1d81e0248360ceafb78c1bf436082524", "best_bid": "0.6", "best_ask": "0.9"}, {"asset_id": "103355594346838123493217461284154957347949166061676890605566123828867704884418", "price": "0.064", "size": "0", "side": "BUY", "hash": "aa0eaf6b312874a66295340de464fb31b087c611", "best_bid": "0.1", "best_ask": "0.4"}], "timestamp": "1769384687467", "event_type": "price_change"}}
{"_local_timestamp": "2026-01-25T23:45:12.475961+00:00", "data": {"market": "0x16fcfe6c4bc8bf2fd210f1e3b5b0d55a2115a437923dc5730d63acb62c3366c9", "price_changes": [{"asset_id": "69170306473064163780812013647523990069387767302750674849421091155270068626385", "price": "0.501", "size": "75.84", "side": "BUY", "hash": "3622511900e36199b8b9d3f890948dc558999a38", "best_bid": "0.6", "best_ask": "0.9"}, {"asset_id": "103355594346838123493217461284154957347949166061676890605566123828867704884418", "price": "0.499", "size": "75.84", "side": "SELL", "hash": "85df0b88d226e1eb00183993878128672c2c9ec0", "best_bid": "0.1", "best_ask": "0.4"}], "timestamp": "1769384712405", "event_type": "price_change"}}
