{"_local_timestamp": "2026-01-25T23:33:24.868551+00:00", "data": [{"market": "0xb5fb3fd4dbc7fdc70e3666ed4193e3171ecc257dcd43e01b36dbd4efa01d777e", "asset_id": "57073863691050176858693353000197608096498121614576538982509295418934497382921", "timestamp": "1769384004569", "hash": "a4db46bb06f48011d9e0894c04e4a6954d3aaed6", "bids": [{"price": "0.01", "size": "500"}, {"price": "0.02", "size": "665.09"}, {"price": "0.03", "size": "286.65"}, {"price": "0.04", "size": "103.48"}, {"price": "0.05", "size": "86.11"}, {"price": "0.06", "size": "114.28"}], "asks": [{"price": "0.99", "size": "7509.71"}, {"price": "0.98", "size": "6300"}, {"price": "0.97", "size": "10.14"}, {"price": "0.96", "size": "1250"}, {"price": "0.95", "size": "30"}, {"price": "0.94", "size": "33"}, {"price": "0.93", "size": "1600"}, {"price": "0.91", "size": "400"}, {"price": "0.9", "size": "500"}, {"price": "0.89", "size": "255.43"}, {"price": "0.86", "size": "792.85"}, {"price": "0.82", "size": "182.77"}, {"price": "0.8", "size": "1050"}, {"price": "0.77", "size": "371.73"}, {"price": "0.76", "size": "8"}, {"price": "0.72", "size": "192.85"}, {"price": "0.68", "size": "75"}, {"price": "0.63", "size": "179.05"}, {"price": "0.4", "size": "100"}, {"price": "0.35", "size": "500"}, {"price": "0.3", "size": "500"}, {"price": "0.29", "size": "500"}, {"price": "0.25", "size": "1200"}, {"price": "0.24", "size": "600"}, {"price": "0.23", "size": "405"}, {"price": "0.22", "size": "5"}, {"price": "0.2", "size": "300"}, {"price": "0.19", "size": "298.46"}, {"price": "0.15", "size": "68.46"}, {"price": "0.11", "size": "222.1"}, {"price": "0.1", "size": "188.39"}], "event_type": "book", "last_trade_price": ""}, {"market": "0xb5fb3fd4dbc7fdc70e3666ed4193e3171ecc257dcd43e01b36dbd4efa01d777e", "asset_id": "8786566038915392046446786086504563210301842572125705765733243466035321540191", "timestamp": "1769384004569", "hash": "dfa63e07849ac1fa5665cea95a286d158fba90af", "bids": [{"price": "0.01", "size": "7509.71"}, {"price": "0.02", "size": "6300"}, {"price": "0.03", "size": "10.14"}, {"price": "0.04", "size": "1250"}, {"price": "0.05", "size": "30"}, {"price": "0.06", "size": "33"}, {"price": "0.07", "size": "1600"}, {"price": "0.09", "size": "400"}, {"price": "0.1", "size": "500"}, {"price": "0.11", "size": "255.43"}, {"price": "0.14", "size": "792.85"}, {"price": "0.18", "size": "182.77"}, {"price": "0.2", "size": "1050"}, {"price": "0.23", "size": "371.73"}, {"price": "0.24", "size": "8"}, {"price": "0.28", "size": "192.85"}, {"price": "0.32", "size": "75"}, {"price": "0.37", "size": "179.05"}, {"price": "0.6", "size": "100"}, {"price": "0.65", "size": "500"}, {"price": "0.7", "size": "500"}, {"price": "0.71", "size": "500"}, {"price": "0.75", "size": "1200"}, {"price": "0.76", "size": "600"}, {"price": "0.77", "size": "405"}, {"price": "0.78", "size": "5"}, {"price": "0.8", "size": "300"}, {"price": "0.81", "size": "298.46"}, {"price": "0.85", "size": "68.46"}, {"price": "0.89", "size": "222.1"}, {"price": "0.9", "size": "188.39"}], "asks": [{"price": "0.99", "size": "500"}, {"price": "0.98", "size": "665.09"}, {"price": "0.97", "size": "286.65"}, {"price": "0.96", "size": "103.48"}, {"price": "0.95", "size": "86.11"}, {"price": "0.94", "size": "114.28"}], "event_type": "book", "last_trade_price": ""}]}
{"_local_timestamp": "2026-01-25T23:33:26.497024+00:00", "data": {"market": "0xb5fb3fd4dbc7fdc70e3666ed4193e3171ecc257dcd43e01b36dbd4efa01d777e", "price_changes": [{"asset_id": "8786566038915392046446786086504563210301842572125705765733243466035321540191", "price": "0.18", "size": "177.77", "side": "BUY", "hash": "4397bd4ee943542ca5d3873b2c141a02231c45c4", "best_bid": "0.9", "best_ask": "0.94"}, {"asset_id": "57073863691050176858693353000197608096498121614576538982509295418934497382921", "price": "0.82", "size": "177.77", "side": "SELL", "hash": "b094847a7a7da671fdc23d27edd932dc0c66f911", "best_bid": "0.06", "best_ask": "0.1"}], "timestamp": "1769384006424", "event_type": "price_change"}}
{"_local_timestamp": "2026-01-25T23:33:26.817185+00:00", "data": {"market": "0xb5fb3fd4dbc7fdc70e3666ed4193e3171ecc257dcd43e01b36dbd4efa01d777e", "price_changes": [{"asset_id": "8786566038915392046446786086504563210301842572125705765733243466035321540191", "price": "0.18", "size": "182.77", "side": "BUY", "hash": "c9b4c7fcf02b468f2c55f514489c7c2f529d996e", "best_bid": "0.9", "best_ask": "0.94"}, {"asset_id": "57073863691050176858693353000197608096498121614576538982509295418934497382921", "price": "0.82", "size": "182.77", "side": "SELL", "hash": "b1e7cb70f9f75a35c6cc73a21c88ec09d2c370e1", "best_bid": "0.06", "best_ask": "0.1"}], "timestamp": "1769384006744", "event_type": "price_change"}}
{"_local_timestamp": "2026-01-25T23:33:28.811869+00:00", "data": {"market": "0xb5fb3fd4dbc7fdc70e3666ed4193e3171ecc257dcd43e01b36dbd4efa01d777e", "price_changes": [{"asset_id": "8786566038915392046446786086504563210301842572125705765733243466035321540191", "price": "0.18", "size": "177.77", "side": "BUY", "hash": "a48a4590f9f4a90d44c831d147909966c4d67a65", "best_bid": "0.9", "best_ask": "0.94"}, {"asset_id": "57073863691050176858693353000197608096498121614576538982509295418934497382921", "price": "0.82", "size": "177.77", "side": "SELL", "hash": "ca43bddfefdb17f870bb731e0108ba568bd958ed", "best_bid": "0.06", "best_ask": "0.1"}], "timestamp": "1769384008739", "event_type": "price_change"}}
{"_local_timestamp": "2026-01-25T23:33:29.502769+00:00", "data": {"market": "0xb5fb3fd4dbc7fdc70e3666ed4193e3171ecc257dcd43e01b36dbd4efa01d777e", "price_changes": [{"asset_id": "8786566038915392046446786086504563210301842572125705765733243466035321540191", "price": "0.18", "size": "182.77", "side": "BUY", "hash": "323f3623812a2648e9e69ed731b4d01900404c60", "best_bid": "0.9", "best_ask": "0.94"}, {"asset_id": "57073863691050176858693353000197608096498121614576538982509295418934497382921", "price": "0.82", "size": "182.77", "side": "SELL", "hash": "306b50d5dc7bff48140c24e55ca9d221c9e4565b", "best_bid": "0.06", "best_ask": "0.1"}], "timestamp": "1769384009415", "event_type": "price_change"}}
{"_local_timestamp": "2026-01-25T23:33:30.825349+00:00", "data": {"market": "0xb5fb3fd4dbc7fdc70e3666ed4193e3171ecc257dcd43e01b36dbd4efa01d777e", "price_changes": [{"asset_id": "8786566038915392046446786086504563210301842572125705765733243466035321540191", "price": "0.18", "size": "177.77", "side": "BUY", "hash": "8707e5772fb79ef8ae92ffcb4e10452c3633f4e1", "best_bid": "0.9", "best_ask": "0.94"}, {"asset_id": "57073863691050176858693353000197608096498121614576538982509295418934497382921", "price": "0.82", "size": "177.77", "side": "SELL", "hash": "b5f0a07aa5b65ce4a75aca06d66d964b1c5b9fd9", "best_bid": "0.06", "best_ask": "0.1"}], "timestamp": "1769384010754", "event_type": "price_change"}}
{"_local_timestamp": "2026-01-25T23:33:31.279914+00:00", "data": {"market": "0xb5fb3fd4dbc7fdc70e3666ed4193e3171ecc257dcd43e01b36dbd4efa01d777e", "price_changes": [{"asset_id": "8786566038915392046446786086504563210301842572125705765733243466035321540191", "price": "0.18", "size": "182.77", "side": "BUY", "hash": "d12cc5dad6aabda8b46c9ebf62462fde49b19a6c", "best_bid": "0.9", "best_ask": "0.94"}, {"asset_id": "57073863691050176858693353000197608096498121614576538982509295418934497382921", "price": "0.82", "size": "182.77", "side": "SELL", "hash": "03cd993f98ef29d2ea7e9fb5ccf533a6df110a96", "best_bid": "0.06", "best_ask": "0.1"}], "timestamp": "1769384011206", "event_type": "price_change"}}
{"_local_timestamp": "2026-01-25T23:33:32.601322+00:00", "data": {"market": "0xb5fb3fd4dbc7fdc70e3666ed4193e3171ecc257dcd43e01b36dbd4efa01d777e", "price_changes": [{"asset_id": "8786566038915392046446786086504563210301842572125705765733243466035321540191", "price": "0.18", "size": "177.77", "side": "BUY", "hash": "a0652dbeadad6b7606d81c1a0c1d3716f1aafef8", "best_bid": "0.9", "best_ask": "0.94"}, {"asset_id": "57073863691050176858693353000197608096498121614576538982509295418934497382921", "price": "0.82", "size": "177.77", "side": "SELL", "hash": "ed72cbc4f89d944142c19ced96ac44c77945e41f", "best_bid": "0.06", "best_ask": "0.1"}], "timestamp": "1769384012526", "event_type": "price_change"}}
{"_local_timestamp": "2026-01-25T23:33:33.023888+00:00", "data": {"market": "0xb5fb3fd4dbc7fdc70e3666ed4193e3171ecc257dcd43e01b36dbd4efa01d777e", "price_changes": [{"asset_id": "8786566038915392046446786086504563210301842572125705765733243466035321540191", "price": "0.18", "size": "182.77", "side": "BUY", "hash": "cd7001c3e73cb6a3bc9682d173f26a464c9fcc0d", "best_bid": "0.9", "best_ask": "0.94"}, {"asset_id": "57073863691050176858693353000197608096498121614576538982509295418934497382921", "price": "0.82", "size": "182.77", "side": "SELL", "hash": "f3383ed13d128d16c6b5c5e734e8c19a2ee52ae3", "best_bid": "0.06", "best_ask": "0.1"}], "timestamp": "1769384012938", "event_type": "price_change"}}
{"_local_timestamp": "2026-01-25T23:33:35.366829+00:00", "data": {"market": "0xb5fb3fd4dbc7fdc70e3666ed4193e3171ecc257dcd43e01b36dbd4efa01d777e", "price_changes": [{"asset_id": "8786566038915392046446786086504563210301842572125705765733243466035321540191", "price": "0.18", "size": "177.77", "side": "BUY", "hash": "9861cb263b193e61e01a1ffb2d76a2fac1457c10", "best_bid": "0.9", "best_ask": "0.94"}, {"asset_id": "57073863691050176858693353000197608096498121614576538982509295418934497382921", "price": "0.82", "size": "177.77", "side": "SELL", "hash": "f0467e655c9867b9f8fc77efd8fd5dcf02c4fecd", "best_bid": "0.06", "best_ask": "0.1"}], "timestamp": "1769384015296", "event_type": "price_change"}}
{"_local_timestamp": "2026-01-25T23:33:35.771114+00:00", "data": {"market": "0xb5fb3fd4dbc7fdc70e3666ed4193e3171ecc257dcd43e01b36dbd4efa01d777e", "price_changes": [{"asset_id": "8786566038915392046446786086504563210301842572125705765733243466035321540191", "price": "0.18", "size": "182.77", "side": "BUY", "hash": "c56a153f35c4f855e2c6124a42c5e9f196977ea0", "best_bid": "0.9", "best_ask": "0.94"}, {"asset_id": "57073863691050176858693353000197608096498121614576538982509295418934497382921", "price": "0.82", "size": "182.77", "side": "SELL", "hash": "e3f846d7607b58517f744910ef5b0ef6f803513b", "best_bid": "0.06", "best_ask": "0.1"}], "timestamp": "1769384015698", "event_type": "price_change"}}
{"_local_timestamp": "2026-01-25T23:33:37.069298+00:00", "data": {"market": "0xb5fb3fd4dbc7fdc70e3666ed4193e3171ecc257dcd43e01b36dbd4efa01d777e", "price_changes": [{"asset_id": "8786566038915392046446786086504563210301842572125705765733243466035321540191", "price": "0.18", "size": "177.77", "side": "BUY", "hash": "1afadacb6efe1476457febd6939ac312eeed2d97", "best_bid": "0.9", "best_ask": "0.94"}, {"asset_id": "57073863691050176858693353000197608096498121614576538982509295418934497382921", "price": "0.82", "size": "177.77", "side": "SELL", "hash": "1e999bd80b85832c0abaa992903fd71a665b6431", "best_bid": "0.06", "best_ask": "0.1"}], "timestamp": "1769384016988", "event_type": "price_change"}}
{"_local_timestamp": "2026-01-25T23:33:37.495691+00:00", "data": {"market": "0xb5fb3fd4dbc7fdc70e3666ed4193e3171ecc257dcd43e01b36dbd4efa01d777e", "price_changes": [{"asset_id": "8786566038915392046446786086504563210301842572125705765733243466035321540191", "price": "0.18", "size": "182.77", "side": "BUY", "hash": "edf146747668258c654a057219d7e8e4d6d33a88", "best_bid": "0.9", "best_ask": "0.94"}, {"asset_id": "57073863691050176858693353000197608096498121614576538982509295418934497382921", "price": "0.82", "size": "182.77", "side": "SELL", "hash": "cdc4bd23fec8ca71df71a190a75a9bc09672c25c", "best_bid": "0.06", "best_ask": "0.1"}], "timestamp": "1769384017391", "event_type": "price_change"}}
{"_local_timestamp": "2026-01-25T23:33:38.751413+00:00", "data": {"market": "0xb5fb3fd4dbc7fdc70e3666ed4193e3171ecc257dcd43e01b36dbd4efa01d777e", "price_changes": [{"asset_id": "8786566038915392046446786086504563210301842572125705765733243466035321540191", "price": "0.18", "size": "177.77", "side": "BUY", "hash": "55085e6364fcc3c92a6474e7ef4753c48f800762", "best_bid": "0.9", "best_ask": "0.94"}, {"asset_id": "57073863691050176858693353000197608096498121614576538982509295418934497382921", "price": "0.82", "size": "177.77", "side": "SELL", "hash": "0f1d8473d380551f05794a255d8550adf6098ec1", "best_bid": "0.06", "best_ask": "0.1"}], "timestamp": "1769384018682", "event_type": "price_change"}}
{"_local_timestamp": "2026-01-25T23:33:39.035869+00:00", "data": {"market": "0xb5fb3fd4dbc7fdc70e3666ed4193e3171ecc257dcd43e01b36dbd4efa01d777e", "price_changes": [{"asset_id": "8786566038915392046446786086504563210301842572125705765733243466035321540191", "price": "0.18", "size": "182.77", "side": "BUY", "hash": "c01427d9fd24dbf5a2c6ff8f03fb1ae9c8b899cb", "best_bid": "0.9", "best_ask": "0.94"}, {"asset_id": "57073863691050176858693353000197608096498121614576538982509295418934497382921", "price": "0.82", "size": "182.77", "side": "SELL", "hash": "fa8237041018cc31c66036ef17dd779bb1cb9025", "best_bid": "0.06", "best_ask": "0.1"}], "timestamp": "1769384018964", "event_type": "price_change"}}
{"_local_timestamp": "2026-01-25T23:33:39.621998+00:00", "data": {"market": "0xb5fb3fd4dbc7fdc70e3666ed4193e3171ecc257dcd43e01b36dbd4efa01d777e", "price_changes": [{"asset_id": "8786566038915392046446786086504563210301842572125705765733243466035321540191", "price": "0.18", "size": "177.77", "side": "BUY", "hash": "6f66c461fe1852f5385a7e4eea09ea2b60c4ffe9", "best_bid": "0.9", "best_ask": "0.94"}, {"asset_id": "57073863691050176858693353000197608096498121614576538982509295418934497382921", "price": "0.82", "size": "177.77", "side": "SELL", "hash": "edbbbf3caf66090775af8c13e84549b291c59855", "best_bid": "0.06", "best_ask": "0.1"}], "timestamp": "1769384019544", "event_type": "price_change"}}
{"_local_timestamp": "2026-01-25T23:33:39.980560+00:00", "data": {"market": "0xb5fb3fd4dbc7fdc70e3666ed4193e3171ecc257dcd43e01b36dbd4efa01d777e", "price_changes": [{"asset_id": "8786566038915392046446786086504563210301842572125705765733243466035321540191", "price": "0.18", "size": "182.77", "side": "BUY", "hash": "f4a6ebfe2f93a77eb5c4e70635ff2b2d84c8f32c", "best_bid": "0.9", "best_ask": "0.94"}, {"asset_id": "57073863691050176858693353000197608096498121614576538982509295418934497382921", "price": "0.82", "size": "182.77", "side": "SELL", "hash": "e7b8dfc47b512db2ede0f458b5c81ab3616452e1", "best_bid": "0.06", "best_ask": "0.1"}], "timestamp": "1769384019908", "event_type": "price_change"}}
{"_local_timestamp": "2026-01-25T23:33:40.515554+00:00", "data": {"market": "0xb5fb3fd4dbc7fdc70e3666ed4193e3171ecc257dcd43e01b36dbd4efa01d777e", "price_changes": [{"asset_id": "8786566038915392046446786086504563210301842572125705765733243466035321540191", "price": "0.18", "size": "177.77", "side": "BUY", "hash": "89634517480027546533e19a804da90e7423eb19", "best_bid": "0.9", "best_ask": "0.94"}, {"asset_id": "57073863691050176858693353000197608096498121614576538982509295418934497382921", "price": "0.82", "size": "177.77", "side": "SELL", "hash": "503a2f2e0860c9fc6ebd9b519b24a36cbed68821", "best_bid": "0.06", "best_ask": "0.1"}], "timestamp": "1769384020440", "event_type": "price_change"}}
{"_local_timestamp": "2026-01-25T23:33:40.941794+00:00", "data": {"market": "0xb5fb3fd4dbc7fdc70e3666ed4193e3171ecc257dcd43e01b36dbd4efa01d777e", "price_changes": [{"asset_id": "8786566038915392046446786086504563210301842572125705765733243466035321540191", "price": "0.18", "size": "182.77", "side": "BUY", "hash": "fac9ac857ba7811e3077560699c3d850bab9e5cc", "best_bid": "0.9", "best_ask": "0.94"}, {"asset_id": "57073863691050176858693353000197608096498121614576538982509295418934497382921", "price": "0.82", "size": "182.77", "side": "SELL", "hash": "3b8e5253d16b9dd019babe032b20dc426dba710c", "best_bid": "0.06", "best_ask": "0.1"}], "timestamp": "1769384020823", "event_type": "price_change"}}
{"_local_timestamp": "2026-01-25T23:33:42.245171+00:00", "data": {"market": "0xb5fb3fd4dbc7fdc70e3666ed4193e3171ecc257dcd43e01b36dbd4efa01d777e", "price_changes": [{"asset_id": "8786566038915392046446786086504563210301842572125705765733243466035321540191", "price": "0.18", "size": "177.77", "side": "BUY", "hash": "8eb9cf0aa1edf5c220beb3f9535b5627c63e2c18", "best_bid": "0.9", "best_ask": "0.94"}, {"asset_id": "57073863691050176858693353000197608096498121614576538982509295418934497382921", "price": "0.82", "size": "177.77", "side": "SELL", "hash": "010cf926419e9a8b884c7561c430f8da4220152f", "best_bid": "0.06", "best_ask": "0.1"}], "timestamp": "1769384022169", "event_type": "price_change"}}
{"_local_timestamp": "2026-01-25T23:33:42.623810+00:00", "data": {"market": "0xb5fb3fd4dbc7fdc70e3666ed4193e3171ecc257dcd43e01b36dbd4efa01d777e", "price_changes": [{"asset_id": "8786566038915392046446786086504563210301842572125705765733243466035321540191", "price": "0.18", "size": "182.77", "side": "BUY", "hash": "cf9255d3549d2c57dc1b0677055e3c8d84bcd7a4", "best_bid": "0.9", "best_ask": "0.94"}, {"asset_id": "57073863691050176858693353000197608096498121614576538982509295418934497382921", "price": "0.82", "size": "182.77", "side": "SELL", "hash": "b09380090dcfa4ad6430f6ed0089cc5c0d107e7e", "best_bid": "0.06", "best_ask": "0.1"}], "timestamp": "1769384022553", "event_type": "price_change"}}
{"_local_timestamp": "2026-01-25T23:33:43.524893+00:00", "data": {"market": "0xb5fb3fd4dbc7fdc70e3666ed4193e3171ecc257dcd43e01b36dbd4efa01d777e", "price_changes": [{"asset_id": "8786566038915392046446786086504563210301842572125705765733243466035321540191", "price": "0.18", "size": "177.77", "side": "BUY", "hash": "1fde50e1543100ce03c47bbb0e2452e92f45cd7a", "best_bid": "0.9", "best_ask": "0.94"}, {"asset_id": "57073863691050176858693353000197608096498121614576538982509295418934497382921", "price": "0.82", "size": "177.77", "side": "SELL", "hash": "8b2743274d9034c6027ea16a797d78ca6a691b5b", "best_bid": "0.06", "best_ask": "0.1"}], "timestamp": "1769384023457", "event_type": "price_change"}}
{"_local_timestamp": "2026-01-25T23:33:43.889824+00:00", "data": {"market": "0xb5fb3fd4dbc7fdc70e3666ed4193e3171ecc257dcd43e01b36dbd4efa01d777e", "price_changes": [{"asset_id": "8786566038915392046446786086504563210301842572125705765733243466035321540191", "price": "0.18", "size": "182.77", "side": "BUY", "hash": "c642526f09002e1f8296a5528e8ac22cf46d7ace", "best_bid": "0.9", "best_ask": "0.94"}, {"asset_id": "57073863691050176858693353000197608096498121614576538982509295418934497382921", "price": "0.82", "size": "182.77", "side": "SELL", "hash": "fe36aefc4a46c406b43ce562560bd5baa932260e", "best_bid": "0.06", "best_ask": "0.1"}], "timestamp": "1769384023801", "event_type": "price_change"}}
{"_local_timestamp": "2026-01-25T23:33:45.235533+00:00", "data": {"market": "0xb5fb3fd4dbc7fdc70e3666ed4193e3171ecc257dcd43e01b36dbd4efa01d777e", "price_changes": [{"asset_id": "8786566038915392046446786086504563210301842572125705765733243466035321540191", "price": "0.18", "size": "177.77", "side": "BUY", "hash": "18f26920679cc5069623ee77ce53afb7094098bf", "best_bid": "0.9", "best_ask": "0.94"}, {"asset_id": "57073863691050176858693353000197608096498121614576538982509295418934497382921", "price": "0.82", "size": "177.77", "side": "SELL", "hash": "c20868e35eedbe04e04e83edaa244f236035aa01", "best_bid": "0.06", "best_ask": "0.1"}], "timestamp": "1769384025164", "event_type": "price_change"}}
{"_local_timestamp": "2026-01-25T23:33:45.490426+00:00", "data": {"market": "0xb5fb3fd4dbc7fdc70e3666ed4193e3171ecc257dcd43e01b36dbd4efa01d777e", "price_changes": [{"asset_id": "8786566038915392046446786086504563210301842572125705765733243466035321540191", "price": "0.18", "size": "182.77", "side": "BUY", "hash": "40fdcd618ff9591dc72df1571880f6b8237be8bc", "best_bid": "0.9", "best_ask": "0.94"}, {"asset_id": "57073863691050176858693353000197608096498121614576538982509295418934497382921", "price": "0.82", "size": "182.77", "side": "SELL", "hash": "41f9138edd8571f703f82cd8dfa6edb8e58de83a", "best_bid": "0.06", "best_ask": "0.1"}], "timestamp": "1769384025423", "event_type": "price_change"}}
{"_local_timestamp": "2026-01-25T23:33:45.574245+00:00", "data": {"market": "0xb5fb3fd4dbc7fdc70e3666ed4193e3171ecc257dcd43e01b36dbd4efa01d777e", "price_changes": [{"asset_id": "8786566038915392046446786086504563210301842572125705765733243466035321540191", "price": "0.18", "size": "187.77", "side": "BUY", "hash": "740f2740b94196eac9d0443291a4df0e065a09a6", "best_bid": "0.9", "best_ask": "0.94"}, {"asset_id": "57073863691050176858693353000197608096498121614576538982509295418934497382921", "price": "0.82", "size": "187.77", "side": "SELL", "hash": "73b1543a4195b1c9e4e6d3d0b89019b0d8f1231d", "best_bid": "0.06", "best_ask": "0.1"}], "timestamp": "1769384025504", "event_type": "price_change"}}
{"_local_timestamp": "2026-01-25T23:33:47.786675+00:00", "data": {"market": "0xb5fb3fd4dbc7fdc70e3666ed4193e3171ecc257dcd43e01b36dbd4efa01d777e", "price_changes": [{"asset_id": "8786566038915392046446786086504563210301842572125705765733243466035321540191", "price": "0.18", "size": "182.77", "side": "BUY", "hash": "de5945b2ff9379406a3e256d8fe69ef9355394c3", "best_bid": "0.9", "best_ask": "0.94"}, {"asset_id": "57073863691050176858693353000197608096498121614576538982509295418934497382921", "price": "0.82", "size": "182.77", "side": "SELL", "hash": "3e8e54a581e690e57943e5ed98d0b96f68b43d5c", "best_bid": "0.06", "best_ask": "0.1"}], "timestamp": "1769384027714", "event_type": "price_change"}}
{"_local_timestamp": "2026-01-25T23:33:48.709694+00:00", "data": {"market": "0xb5fb3fd4dbc7fdc70e3666ed4193e3171ecc257dcd43e01b36dbd4efa01d777e", "price_changes": [{"asset_id": "8786566038915392046446786086504563210301842572125705765733243466035321540191", "price": "0.18", "size": "177.77", "side": "BUY", "hash": "4a74b035e7dfa2ba91e713bde7dc09ae8908ab72", "best_bid": "0.9", "best_ask": "0.94"}, {"asset_id": "57073863691050176858693353000197608096498121614576538982509295418934497382921", "price": "0.82", "size": "177.77", "side": "SELL", "hash": "6732ac3b1a5aede610f5befa61cd9a47c59a70be", "best_bid": "0.06", "best_ask": "0.1"}], "timestamp": "1769384028639", "event_type": "price_change"}}
{"_local_timestamp": "2026-01-25T23:33:48.965967+00:00", "data": {"market": "0xb5fb3fd4dbc7fdc70e3666ed4193e3171ecc257dcd43e01b36dbd4efa01d777e", "price_changes": [{"asset_id": "8786566038915392046446786086504563210301842572125705765733243466035321540191", "price": "0.18", "size": "182.77", "side": "BUY", "hash": "4e3397cded5d2482b8c045e9f5a1609c5a3d076e", "best_bid": "0.9", "best_ask": "0.94"}, {"asset_id": "57073863691050176858693353000197608096498121614576538982509295418934497382921", "price": "0.82", "size": "182.77", "side": "SELL", "hash": "02f72ae3ea05363dc39140bfb4a9958328322989", "best_bid": "0.06", "best_ask": "0.1"}], "timestamp": "1769384028900", "event_type": "price_change"}}
{"_local_timestamp": "2026-01-25T23:34:01.540855+00:00", "data": {"market": "0xb5fb3fd4dbc7fdc70e3666ed4193e3171ecc257dcd43e01b36dbd4efa01d777e", "price_changes": [{"asset_id": "8786566038915392046446786086504563210301842572125705765733243466035321540191", "price": "0.18", "size": "177.77", "side": "BUY", "hash": "c3e5e0dea80571e31758f9eef2c8daf8042ff9e0", "best_bid": "0.9", "best_ask": "0.94"}, {"asset_id": "57073863691050176858693353000197608096498121614576538982509295418934497382921", "price": "0.82", "size": "177.77", "side": "SELL", "hash": "4822b68a11d12413d659a59859679bc5e6c9f55f", "best_bid": "0.06", "best_ask": "0.1"}], "timestamp": "1769384041451", "event_type": "price_change"}}
{"_local_timestamp": "2026-01-25T23:34:05.240574+00:00", "data": {"market": "0xb5fb3fd4dbc7fdc70e3666ed4193e3171ecc257dcd43e01b36dbd4efa01d777e", "price_changes": [{"asset_id": "8786566038915392046446786086504563210301842572125705765733243466035321540191", "price": "0.18", "size": "182.77", "side": "BUY", "hash": "d67523c469e2d8c5a52dab2db6d45be139b68cdc", "best_bid": "0.9", "best_ask": "0.94"}, {"asset_id": "57073863691050176858693353000197608096498121614576538982509295418934497382921", "price": "0.82", "size": "182.77", "side": "SELL", "hash": "b75b68f1798b12efea50846903b335df6e65e7d6", "best_bid": "0.06", "best_ask": "0.1"}], "timestamp": "1769384045107", "event_type": "price_change"}}
{"_local_timestamp": "2026-01-25T23:35:10.597135+00:00", "data": {"market": "0xb5fb3fd4dbc7fdc70e3666ed4193e3171ecc257dcd43e01b36dbd4efa01d777e", "price_changes": [{"asset_id": "8786566038915392046446786086504563210301842572125705765733243466035321540191", "price": "0.18", "size": "177.77", "side": "BUY", "hash": "9516ae5540c1f426fe566c44720094e148fece19", "best_bid": "0.9", "best_ask": "0.94"}, {"asset_id": "57073863691050176858693353000197608096498121614576538982509295418934497382921", "price": "0.82", "size": "177.77", "side": "SELL", "hash": "981b9a02ee678258d3b466bcbe43e7526ec87ca8", "best_bid": "0.06", "best_ask": "0.1"}], "timestamp": "1769384110512", "event_type": "price_change"}}
{"_local_timestamp": "2026-01-25T23:35:10.980067+00:00", "data": {"market": "0xb5fb3fd4dbc7fdc70e3666ed4193e3171ecc257dcd43e01b36dbd4efa01d777e", "price_changes": [{"asset_id": "8786566038915392046446786086504563210301842572125705765733243466035321540191", "price": "0.18", "size": "182.77", "side": "BUY", "hash": "e2159e50a6280e9c3a9bc2a758bd4032c3fc2783", "best_bid": "0.9", "best_ask": "0.94"}, {"asset_id": "57073863691050176858693353000197608096498121614576538982509295418934497382921", "price": "0.82", "size": "182.77", "side": "SELL", "hash": "f3996eba314a3414b69f1ed9b265d86f798a9e8a", "best_bid": "0.06", "best_ask": "0.1"}], "timestamp": "1769384110790", "event_type": "price_change"}}
{"_local_timestamp": "2026-01-25T23:35:13.335203+00:00", "data": {"market": "0xb5fb3fd4dbc7fdc70e3666ed4193e3171ecc257dcd43e01b36dbd4efa01d777e", "price_changes": [{"asset_id": "8786566038915392046446786086504563210301842572125705765733243466035321540191", "price": "0.18", "size": "177.77", "side": "BUY", "hash": "f0da256139d9b7ea82a62a92f94bceefc173522a", "best_bid": "0.9", "best_ask": "0.94"}, {"asset_id": "57073863691050176858693353000197608096498121614576538982509295418934497382921", "price": "0.82", "size": "177.77", "side": "SELL", "hash": "37e2151a8a6869dd9d466140c58eb85b13783290", "best_bid": "0.06", "best_ask": "0.1"}], "timestamp": "1769384113225", "event_type": "price_change"}}
{"_local_timestamp": "2026-01-25T23:35:13.760905+00:00", "data": {"market": "0xb5fb3fd4dbc7fdc70e3666ed4193e3171ecc257dcd43e01b36dbd4efa01d777e", "price_changes": [{"asset_id": "8786566038915392046446786086504563210301842572125705765733243466035321540191", "price": "0.18", "size": "182.77", "side": "BUY", "hash": "be20fa944ed64f56daa12fadc1fd5385401e834b", "best_bid": "0.9", "best_ask": "0.94"}, {"asset_id": "57073863691050176858693353000197608096498121614576538982509295418934497382921", "price": "0.82", "size": "182.77", "side": "SELL", "hash": "b54d310c1733cb9b7a9888dad5f17b4bc3849e57", "best_bid": "0.06", "best_ask": "0.1"}], "timestamp": "1769384113656", "event_type": "price_change"}}
{"_local_timestamp": "2026-01-25T23:35:16.061445+00:00", "data": {"market": "0xb5fb3fd4dbc7fdc70e3666ed4193e3171ecc257dcd43e01b36dbd4efa01d777e", "price_changes": [{"asset_id": "8786566038915392046446786086504563210301842572125705765733243466035321540191", "price": "0.18", "size": "177.77", "side": "BUY", "hash": "bcaaab04c7db816f395ff748c5b9a30c4280a974", "best_bid": "0.9", "best_ask": "0.94"}, {"asset_id": "57073863691050176858693353000197608096498121614576538982509295418934497382921", "price": "0.82", "size": "177.77", "side": "SELL", "hash": "9fb38893f5cdaee2d527a5170cd7550f6b481760", "best_bid": "0.06", "best_ask": "0.1"}], "timestamp": "1769384115991", "event_type": "price_change"}}
{"_local_timestamp": "2026-01-25T23:35:16.311024+00:00", "data": {"market": "0xb5fb3fd4dbc7fdc70e3666ed4193e3171ecc257dcd43e01b36dbd4efa01d777e", "price_changes": [{"asset_id": "8786566038915392046446786086504563210301842572125705765733243466035321540191", "price": "0.18", "size": "182.77", "side": "BUY", "hash": "7ae7f5f0b44a0fa60df8a3fd635ba8652e929cc0", "best_bid": "0.9", "best_ask": "0.94"}, {"asset_id": "57073863691050176858693353000197608096498121614576538982509295418934497382921", "price": "0.82", "size": "182.77", "side": "SELL", "hash": "846fdc60b74e13fdd155b368ea6d524aa7174345", "best_bid": "0.06", "best_ask": "0.1"}], "timestamp": "1769384116243", "event_type": "price_change"}}
{"_local_timestamp": "2026-01-25T23:35:18.668004+00:00", "data": {"market": "0xb5fb3fd4dbc7fdc70e3666ed4193e3171ecc257dcd43e01b36dbd4efa01d777e", "price_changes": [{"asset_id": "8786566038915392046446786086504563210301842572125705765733243466035321540191", "price": "0.18", "size": "177.77", "side": "BUY", "hash": "5f7415e7760c19cdb6d6442de400069599bfa003", "best_bid": "0.9", "best_ask": "0.94"}, {"asset_id": "57073863691050176858693353000197608096498121614576538982509295418934497382921", "price": "0.82", "size": "177.77", "side": "SELL", "hash": "dffef779e1ab87fe7f96058321edbb4750166c92", "best_bid": "0.06", "best_ask": "0.1"}], "timestamp": "1769384118545", "event_type": "price_change"}}
{"_local_timestamp": "2026-01-25T23:35:18.994293+00:00", "data": {"market": "0xb5fb3fd4dbc7fdc70e3666ed4193e3171ecc257dcd43e01b36dbd4efa01d777e", "price_changes": [{"asset_id": "8786566038915392046446786086504563210301842572125705765733243466035321540191", "price": "0.18", "size": "182.77", "side": "BUY", "hash": "913d91a1f227211cae3e7a38372262d49a7ca607", "best_bid": "0.9", "best_ask": "0.94"}, {"asset_id": "57073863691050176858693353000197608096498121614576538982509295418934497382921", "price": "0.82", "size": "182.77", "side": "SELL", "hash": "5a6dda8ac0a93d665fcae3d7c01e9c6a2581b054", "best_bid": "0.06", "best_ask": "0.1"}], "timestamp": "1769384118893", "event_type": "price_change"}}
{"_local_timestamp": "2026-01-25T23:35:20.186738+00:00", "data": {"market": "0xb5fb3fd4dbc7fdc70e3666ed4193e3171ecc257dcd43e01b36dbd4efa01d777e", "price_changes": [{"asset_id": "8786566038915392046446786086504563210301842572125705765733243466035321540191", "price": "0.18", "size": "177.77", "side": "BUY", "hash": "06c44ff6b550f8a8da7982a8e56952e7038806e7", "best_bid": "0.9", "best_ask": "0.94"}, {"asset_id": "57073863691050176858693353000197608096498121614576538982509295418934497382921", "price": "0.82", "size": "177.77", "side": "SELL", "hash": "02f885d4c65d5f27645b697c88df7e6688fcc2dd", "best_bid": "0.06", "best_ask": "0.1"}], "timestamp": "1769384120116", "event_type": "price_change"}}
{"_local_timestamp": "2026-01-25T23:35:20.648162+00:00", "data": {"market": "0xb5fb3fd4dbc7fdc70e3666ed4193e3171ecc257dcd43e01b36dbd4efa01d777e", "price_changes": [{"asset_id": "8786566038915392046446786086504563210301842572125705765733243466035321540191", "price": "0.18", "size": "182.77", "side": "BUY", "hash": "902de2a8f369800665b0382d81f93f99b70b4a83", "best_bid": "0.9", "best_ask": "0.94"}, {"asset_id": "57073863691050176858693353000197608096498121614576538982509295418934497382921", "price": "0.82", "size": "182.77", "side": "SELL", "hash": "bd1b87cecde609603566b48d1cc1ecdb00ae65a2", "best_bid": "0.06", "best_ask": "0.1"}], "timestamp": "1769384120578", "event_type": "price_change"}}
{"_local_timestamp": "2026-01-25T23:35:23.191757+00:00", "data": {"market": "0xb5fb3fd4dbc7fdc70e3666ed4193e3171ecc257dcd43e01b36dbd4efa01d777e", "price_changes": [{"asset_id": "8786566038915392046446786086504563210301842572125705765733243466035321540191", "price": "0.18", "size": "177.77", "side": "BUY", "hash": "356cee13940e7e4b088ddfada8a2e4f2e4199778", "best_bid": "0.9", "best_ask": "0.94"}, {"asset_id": "57073863691050176858693353000197608096498121614576538982509295418934497382921", "price": "0.82", "size": "177.77", "side": "SELL", "hash": "f68a4accdbfe57a519aaf07c93050e88749e5c4a", "best_bid": "0.06", "best_ask": "0.1"}], "timestamp": "1769384123122", "event_type": "price_change"}}
{"_local_timestamp": "2026-01-25T23:35:23.664796+00:00", "data": {"market": "0xb5fb3fd4dbc7fdc70e3666ed4193e3171ecc257dcd43e01b36dbd4efa01d777e", "price_changes": [{"asset_id": "8786566038915392046446786086504563210301842572125705765733243466035321540191", "price": "0.18", "size": "182.77", "side": "BUY", "hash": "3f5fc741527c4d1e819a547698e34ffda962f3c5", "best_bid": "0.9", "best_ask": "0.94"}, {"asset_id": "57073863691050176858693353000197608096498121614576538982509295418934497382921", "price": "0.82", "size": "182.77", "side": "SELL", "hash": "a938d00d48b12d2615fb3480fde25d56d2ee1c88", "best_bid": "0.06", "best_ask": "0.1"}], "timestamp": "1769384123537", "event_type": "price_change"}}
{"_local_timestamp": "2026-01-25T23:35:25.672676+00:00", "data": {"market": "0xb5fb3fd4dbc7fdc70e3666ed4193e3171ecc257dcd43e01b36dbd4efa01d777e", "price_changes": [{"asset_id": "8786566038915392046446786086504563210301842572125705765733243466035321540191", "price": "0.18", "size": "177.77", "side": "BUY", "hash": "3166e2def0479891211a55d886e23eb97db4d60a", "best_bid": "0.9", "best_ask": "0.94"}, {"asset_id": "57073863691050176858693353000197608096498121614576538982509295418934497382921", "price": "0.82", "size": "177.77", "side": "SELL", "hash": "95eb84e042a2a4eb85fab81bc77383f3095c58bc", "best_bid": "0.06", "best_ask": "0.1"}], "timestamp": "1769384125596", "event_type": "price_change"}}
{"_local_timestamp": "2026-01-25T23:35:26.022010+00:00", "data": {"market": "0xb5fb3fd4dbc7fdc70e3666ed4193e3171ecc257dcd43e01b36dbd4efa01d777e", "price_changes": [{"asset_id": "8786566038915392046446786086504563210301842572125705765733243466035321540191", "price": "0.18", "size": "182.77", "side": "BUY", "hash": "ff50286a104e7db848def5529d18f1045835c02d", "best_bid": "0.9", "best_ask": "0.94"}, {"asset_id": "57073863691050176858693353000197608096498121614576538982509295418934497382921", "price": "0.82", "size": "182.77", "side": "SELL", "hash": "17ddfce8aea30b917d0faa8fea56b45151b1248b", "best_bid": "0.06", "best_ask": "0.1"}], "timestamp": "1769384125951", "event_type": "price_change"}}
{"_local_timestamp": "2026-01-25T23:35:28.051861+00:00", "data": {"market": "0xb5fb3fd4dbc7fdc70e3666ed4193e3171ecc257dcd43e01b36dbd4efa01d777e", "price_changes": [{"asset_id": "8786566038915392046446786086504563210301842572125705765733243466035321540191", "price": "0.18", "size": "177.77", "side": "BUY", "hash": "3b3477ec86a87b4ee79b579125cf3f6e8f4d7e48", "best_bid": "0.9", "best_ask": "0.94"}, {"asset_id": "57073863691050176858693353000197608096498121614576538982509295418934497382921", "price": "0.82", "size": "177.77", "side": "SELL", "hash": "3c6a8867e2536fee0566805a37c28dc01fb1e5e3", "best_bid": "0.06", "best_ask": "0.1"}], "timestamp": "1769384127982", "event_type": "price_change"}}
{"_local_timestamp": "2026-01-25T23:35:28.508400+00:00", "data": {"market": "0xb5fb3fd4dbc7fdc70e3666ed4193e3171ecc257dcd43e01b36dbd4efa01d777e", "price_changes": [{"asset_id": "8786566038915392046446786086504563210301842572125705765733243466035321540191", "price": "0.18", "size": "182.77", "side": "BUY", "hash": "1efaf3998b9d49143ad5e4ad1bd80ef4215a7ae3", "best_bid": "0.9", "best_ask": "0.94"}, {"asset_id": "57073863691050176858693353000197608096498121614576538982509295418934497382921", "price": "0.82", "size": "182.77", "side": "SELL", "hash": "37789f2c27012045b41b2594b8ffb9e117eb8b7c", "best_bid": "0.06", "best_ask": "0.1"}], "timestamp": "1769384128439", "event_type": "price_change"}}
{"_local_timestamp": "2026-01-25T23:35:30.664863+00:00", "data": {"market": "0xb5fb3fd4dbc7fdc70e3666ed4193e3171ecc257dcd43e01b36dbd4efa01d777e", "price_changes": [{"asset_id": "8786566038915392046446786086504563210301842572125705765733243466035321540191", "price": "0.18", "size": "177.77", "side": "BUY", "hash": "2148d6429ae93bb02a2b48a0ce0f019680a773c0", "best_bid": "0.9", "best_ask": "0.94"}, {"asset_id": "57073863691050176858693353000197608096498121614576538982509295418934497382921", "price": "0.82", "size": "177.77", "side": "SELL", "hash": "3e99be163b0dbb42619aee575c223eac3c6b2cbb", "best_bid": "0.06", "best_ask": "0.1"}], "timestamp": "1769384130593", "event_type": "price_change"}}
{"_local_timestamp": "2026-01-25T23:35:31.003745+00:00", "data": {"market": "0xb5fb3fd4dbc7fdc70e3666ed4193e3171ecc257dcd43e01b36dbd4efa01d777e", "price_changes": [{"asset_id": "8786566038915392046446786086504563210301842572125705765733243466035321540191", "price": "0.18", "size": "182.77", "side": "BUY", "hash": "68f6470e08c7dc3943fc772961db920742fcb089", "best_bid": "0.9", "best_ask": "0.94"}, {"asset_id": "57073863691050176858693353000197608096498121614576538982509295418934497382921", "price": "0.82", "size": "182.77", "side": "SELL", "hash": "184d2ad4c99cd3b1d0ca75fbce0bb0336fc6e4ff", "best_bid": "0.06", "best_ask": "0.1"}], "timestamp": "1769384130924", "event_type": "price_change"}}
{"_local_timestamp": "2026-01-25T23:35:32.794413+00:00", "data": {"market": "0xb5fb3fd4dbc7fdc70e3666ed4193e3171ecc257dcd43e01b36dbd4efa01d777e", "price_changes": [{"asset_id": "8786566038915392046446786086504563210301842572125705765733243466035321540191", "price": "0.18", "size": "177.77", "side": "BUY", "hash": "cd045c5cdb2f3554cfa0c46fb7275010db9171e1", "best_bid": "0.9", "best_ask": "0.94"}, {"asset_id": "57073863691050176858693353000197608096498121614576538982509295418934497382921", "price": "0.82", "size": "177.77", "side": "SELL", "hash": "955476510a6111fdc09f45fcadd5483e11660269", "best_bid": "0.06", "best_ask": "0.1"}], "timestamp": "1769384132728", "event_type": "price_change"}}
{"_local_timestamp": "2026-01-25T23:35:33.148235+00:00", "data": {"market": "0xb5fb3fd4dbc7fdc70e3666ed4193e3171ecc257dcd43e01b36dbd4efa01d777e", "price_changes": [{"asset_id": "8786566038915392046446786086504563210301842572125705765733243466035321540191", "price": "0.18", "size": "182.77", "side": "BUY", "hash": "dac85ac80a493fd988500b24e806c4af4f4348e4", "best_bid": "0.9", "best_ask": "0.94"}, {"asset_id": "57073863691050176858693353000197608096498121614576538982509295418934497382921", "price": "0.82", "size": "182.77", "side": "SELL", "hash": "9a5d2747fdccceb57c2d6e0e2c35fecf4fba5d26", "best_bid": "0.06", "best_ask": "0.1"}], "timestamp": "1769384133050", "event_type": "price_change"}}
{"_local_timestamp": "2026-01-25T23:35:34.228125+00:00", "data": {"market": "0xb5fb3fd4dbc7fdc70e3666ed4193e3171ecc257dcd43e01b36dbd4efa01d777e", "price_changes": [{"asset_id": "8786566038915392046446786086504563210301842572125705765733243466035321540191", "price": "0.18", "size": "177.77", "side": "BUY", "hash": "1e5f5f3f4dd24af5d47a0597eae67479020904da", "best_bid": "0.9", "best_ask": "0.94"}, {"asset_id": "57073863691050176858693353000197608096498121614576538982509295418934497382921", "price": "0.82", "size": "177.77", "side": "SELL", "hash": "9ba063996b4a0a1d2e181ae1ed451c09182703f2", "best_bid": "0.06", "best_ask": "0.1"}], "timestamp": "1769384134158", "event_type": "price_change"}}
{"_local_timestamp": "2026-01-25T23:35:34.526850+00:00", "data": {"market": "0xb5fb3fd4dbc7fdc70e3666ed4193e3171ecc257dcd43e01b36dbd4efa01d777e", "price_changes": [{"asset_id": "8786566038915392046446786086504563210301842572125705765733243466035321540191", "price": "0.18", "size": "182.77", "side": "BUY", "hash": "01249688732138a74088178c59285894775cc1c7", "best_bid": "0.9", "best_ask": "0.94"}, {"asset_id": "57073863691050176858693353000197608096498121614576538982509295418934497382921", "price": "0.82", "size": "182.77", "side": "SELL", "hash": "4fa940671c0e4aa0e8ab558f2fbeddbea8f4a371", "best_bid": "0.06", "best_ask": "0.1"}], "timestamp": "1769384134450", "event_type": "price_change"}}
{"_local_timestamp": "2026-01-25T23:35:35.952762+00:00", "data": {"market": "0xb5fb3fd4dbc7fdc70e3666ed4193e3171ecc257dcd43e01b36dbd4efa01d777e", "price_changes": [{"asset_id": "8786566038915392046446786086504563210301842572125705765733243466035321540191", "price": "0.18", "size": "177.77", "side": "BUY", "hash": "9e15140bd7f0908ffecaa59de3087289e85b4e43", "best_bid": "0.9", "best_ask": "0.94"}, {"asset_id": "57073863691050176858693353000197608096498121614576538982509295418934497382921", "price": "0.82", "size": "177.77", "side": "SELL", "hash": "63fe53d4b12e2cbee826db96745befce8bed6acf", "best_bid": "0.06", "best_ask": "0.1"}], "timestamp": "1769384135873", "event_type": "price_change"}}
{"_local_timestamp": "2026-01-25T23:35:36.263290+00:00", "data": {"market": "0xb5fb3fd4dbc7fdc70e3666ed4193e3171ecc257dcd43e01b36dbd4efa01d777e", "price_changes": [{"asset_id": "8786566038915392046446786086504563210301842572125705765733243466035321540191", "price": "0.18", "size": "182.77", "side": "BUY", "hash": "bdbedeba65feac3cb5221b604691faedd329e264", "best_bid": "0.9", "best_ask": "0.94"}, {"asset_id": "57073863691050176858693353000197608096498121614576538982509295418934497382921", "price": "0.82", "size": "182.77", "side": "SELL", "hash": "29f9f18d57bb792585d0a30bd0343f17dd6e3e70", "best_bid": "0.06", "best_ask": "0.1"}], "timestamp": "1769384136188", "event_type": "price_change"}}
{"_local_timestamp": "2026-01-25T23:35:38.491140+00:00", "data": {"market": "0xb5fb3fd4dbc7fdc70e3666ed4193e3171ecc257dcd43e01b36dbd4efa01d777e", "price_changes": [{"asset_id": "8786566038915392046446786086504563210301842572125705765733243466035321540191", "price": "0.18", "size": "177.77", "side": "BUY", "hash": "80e990b5cc1b41d6f913b3619f0d76ee16e5448c", "best_bid": "0.9", "best_ask": "0.94"}, {"asset_id": "57073863691050176858693353000197608096498121614576538982509295418934497382921", "price": "0.82", "size": "177.77", "side": "SELL", "hash": "a621ebd2c14170de64b05b876a4b820188d27e42", "best_bid": "0.06", "best_ask": "0.1"}], "timestamp": "1769384138072", "event_type": "price_change"}}
{"_local_timestamp": "2026-01-25T23:35:39.027916+00:00", "data": {"market": "0xb5fb3fd4dbc7fdc70e3666ed4193e3171ecc257dcd43e01b36dbd4efa01d777e", "price_changes": [{"asset_id": "8786566038915392046446786086504563210301842572125705765733243466035321540191", "price": "0.18", "size": "182.77", "side": "BUY", "hash": "2501aa6c2862ead80dee4e6b100dd28339dba2af", "best_bid": "0.9", "best_ask": "0.94"}, {"asset_id": "57073863691050176858693353000197608096498121614576538982509295418934497382921", "price": "0.82", "size": "182.77", "side": "SELL", "hash": "fec6f8d164fdac25075df961b300339145ed068c", "best_bid": "0.06", "best_ask": "0.1"}], "timestamp": "1769384138571", "event_type": "price_change"}}
{"_local_timestamp": "2026-01-25T23:35:40.512359+00:00", "data": {"market": "0xb5fb3fd4dbc7fdc70e3666ed4193e3171ecc257dcd43e01b36dbd4efa01d777e", "price_changes": [{"asset_id": "8786566038915392046446786086504563210301842572125705765733243466035321540191", "price": "0.18", "size": "177.77", "side": "BUY", "hash": "47ec04e233094df8a1a7f790cd61457e36bce79a", "best_bid": "0.9", "best_ask": "0.94"}, {"asset_id": "57073863691050176858693353000197608096498121614576538982509295418934497382921", "price": "0.82", "size": "177.77", "side": "SELL", "hash": "9f3a7ffbe521658301c3eae1157bc9ba373d99ee", "best_bid": "0.06", "best_ask": "0.1"}], "timestamp": "1769384140443", "event_type": "price_change"}}
{"_local_timestamp": "2026-01-25T23:35:41.069913+00:00", "data": {"market": "0xb5fb3fd4dbc7fdc70e3666ed4193e3171ecc257dcd43e01b36dbd4efa01d777e", "price_changes": [{"asset_id": "8786566038915392046446786086504563210301842572125705765733243466035321540191", "price": "0.18", "size": "182.77", "side": "BUY", "hash": "a4cb290e0005b270abf6b8602316988cd3137caa", "best_bid": "0.9", "best_ask": "0.94"}, {"asset_id": "57073863691050176858693353000197608096498121614576538982509295418934497382921", "price": "0.82", "size": "182.77", "side": "SELL", "hash": "47ed58826d0ade241f4c0ff96d4d972a3e40a744", "best_bid": "0.06", "best_ask": "0.1"}], "timestamp": "1769384140989", "event_type": "price_change"}}
{"_local_timestamp": "2026-01-25T23:35:43.348282+00:00", "data": {"market": "0xb5fb3fd4dbc7fdc70e3666ed4193e3171ecc257dcd43e01b36dbd4efa01d777e", "price_changes": [{"asset_id": "8786566038915392046446786086504563210301842572125705765733243466035321540191", "price": "0.18", "size": "177.77", "side": "BUY", "hash": "9d292fd71f20f2e563eb9d0ba348b994f3b2a15d", "best_bid": "0.9", "best_ask": "0.94"}, {"asset_id": "57073863691050176858693353000197608096498121614576538982509295418934497382921", "price": "0.82", "size": "177.77", "side": "SELL", "hash": "3f2befe7acb2d84f972a8e98962db9066852451d", "best_bid": "0.06", "best_ask": "0.1"}], "timestamp": "1769384143273", "event_type": "price_change"}}
{"_local_timestamp": "2026-01-25T23:35:43.656940+00:00", "data": {"market": "0xb5fb3fd4dbc7fdc70e3666ed4193e3171ecc257dcd43e01b36dbd4efa01d777e", "price_changes": [{"asset_id": "8786566038915392046446786086504563210301842572125705765733243466035321540191", "price": "0.18", "size": "182.77", "side": "BUY", "hash": "1137ef1bdf3eddeab6e4268433723e6eecfb620a", "best_bid": "0.9", "best_ask": "0.94"}, {"asset_id": "57073863691050176858693353000197608096498121614576538982509295418934497382921", "price": "0.82", "size": "182.77", "side": "SELL", "hash": "76d3306b7185b4d44e1c45a30ae05d61f682ddc6", "best_bid": "0.06", "best_ask": "0.1"}], "timestamp": "1769384143586", "event_type": "price_change"}}
{"_local_timestamp": "2026-01-25T23:35:45.296014+00:00", "data": {"market": "0xb5fb3fd4dbc7fdc70e3666ed4193e3171ecc257dcd43e01b36dbd4efa01d777e", "price_changes": [{"asset_id": "8786566038915392046446786086504563210301842572125705765733243466035321540191", "price": "0.18", "size": "177.77", "side": "BUY", "hash": "393e74888b9d30e5c53e4b92abbaf46c8c2d4547", "best_bid": "0.9", "best_ask": "0.94"}, {"asset_id": "57073863691050176858693353000197608096498121614576538982509295418934497382921", "price": "0.82", "size": "177.77", "side": "SELL", "hash": "6b9524615def773b5cbfea3ea14a1fa5c6db2135", "best_bid": "0.06", "best_ask": "0.1"}], "timestamp": "1769384145227", "event_type": "price_change"}}
{"_local_timestamp": "2026-01-25T23:35:45.523296+00:00", "data": {"market": "0xb5fb3fd4dbc7fdc70e3666ed4193e3171ecc257dcd43e01b36dbd4efa01d777e", "price_changes": [{"asset_id": "8786566038915392046446786086504563210301842572125705765733243466035321540191", "price": "0.18", "size": "182.77", "side": "BUY", "hash": "6b2f660dbab6c7eba3ffebbffcf60f585b9b72bf", "best_bid": "0.9", "best_ask": "0.94"}, {"asset_id": "57073863691050176858693353000197608096498121614576538982509295418934497382921", "price": "0.82", "size": "182.77", "side": "SELL", "hash": "c8a561b6882b829b867e7c72c22a507e364935e0", "best_bid": "0.06", "best_ask": "0.1"}], "timestamp": "1769384145454", "event_type": "price_change"}}
{"_local_timestamp": "2026-01-25T23:35:47.432232+00:00", "data": {"market": "0xb5fb3fd4dbc7fdc70e3666ed4193e3171ecc257dcd43e01b36dbd4efa01d777e", "price_changes": [{"asset_id": "8786566038915392046446786086504563210301842572125705765733243466035321540191", "price": "0.18", "size": "177.77", "side": "BUY", "hash": "ec98ca0d96eec56905a105f311ddd7013b337309", "best_bid": "0.9", "best_ask": "0.94"}, {"asset_id": "57073863691050176858693353000197608096498121614576538982509295418934497382921", "price": "0.82", "size": "177.77", "side": "SELL", "hash": "c561442c2238188e8d0247484d2201188e0f7968", "best_bid": "0.06", "best_ask": "0.1"}], "timestamp": "1769384147366", "event_type": "price_change"}}
{"_local_timestamp": "2026-01-25T23:35:47.723230+00:00", "data": {"market": "0xb5fb3fd4dbc7fdc70e3666ed4193e3171ecc257dcd43e01b36dbd4efa01d777e", "price_changes": [{"asset_id": "8786566038915392046446786086504563210301842572125705765733243466035321540191", "price": "0.18", "size": "182.77", "side": "BUY", "hash": "1e912d04963eeafdb35a3bae27863fa283ad2994", "best_bid": "0.9", "best_ask": "0.94"}, {"asset_id": "57073863691050176858693353000197608096498121614576538982509295418934497382921", "price": "0.82", "size": "182.77", "side": "SELL", "hash": "41e880fe9c9a5eea8e7b62c3b466e4fa5c109b42", "best_bid": "0.06", "best_ask": "0.1"}], "timestamp": "1769384147651", "event_type": "price_change"}}
{"_local_timestamp": "2026-01-25T23:35:49.899380+00:00", "data": {"market": "0xb5fb3fd4dbc7fdc70e3666ed4193e3171ecc257dcd43e01b36dbd4efa01d777e", "price_changes": [{"asset_id": "8786566038915392046446786086504563210301842572125705765733243466035321540191", "price": "0.18", "size": "177.77", "side": "BUY", "hash": "b44ded3845ad3e05e52e803c5e7d1d916378c2ac", "best_bid": "0.9", "best_ask": "0.94"}, {"asset_id": "57073863691050176858693353000197608096498121614576538982509295418934497382921", "price": "0.82", "size": "177.77", "side": "SELL", "hash": "b75a587d1a92b341afb48fd9f9926d440d05f87e", "best_bid": "0.06", "best_ask": "0.1"}], "timestamp": "1769384149823", "event_type": "price_change"}}
{"_local_timestamp": "2026-01-25T23:35:50.292991+00:00", "data": {"market": "0xb5fb3fd4dbc7fdc70e3666ed4193e3171ecc257dcd43e01b36dbd4efa01d777e", "price_changes": [{"asset_id": "8786566038915392046446786086504563210301842572125705765733243466035321540191", "price": "0.18", "size": "182.77", "side": "BUY", "hash": "43b2ffddcd2b4e9052ee321d7a91dd936958ebf8", "best_bid": "0.9", "best_ask": "0.94"}, {"asset_id": "57073863691050176858693353000197608096498121614576538982509295418934497382921", "price": "0.82", "size": "182.77", "side": "SELL", "hash": "05bbf7d1912d995cc103fe9f2168992833306a78", "best_bid": "0.06", "best_ask": "0.1"}], "timestamp": "1769384150209", "event_type": "price_change"}}
{"_local_timestamp": "2026-01-25T23:35:51.347370+00:00", "data": {"market": "0xb5fb3fd4dbc7fdc70e3666ed4193e3171ecc257dcd43e01b36dbd4efa01d777e", "price_changes": [{"asset_id": "8786566038915392046446786086504563210301842572125705765733243466035321540191", "price": "0.18", "size": "177.77", "side": "BUY", "hash": "6477b3b6dfe19113061a0ec9c016c51602bac337", "best_bid": "0.9", "best_ask": "0.94"}, {"asset_id": "57073863691050176858693353000197608096498121614576538982509295418934497382921", "price": "0.82", "size": "177.77", "side": "SELL", "hash": "69274e573f34313c7f53b50c1be4952dfd880e0c", "best_bid": "0.06", "best_ask": "0.1"}], "timestamp": "1769384151279", "event_type": "price_change"}}
{"_local_timestamp": "2026-01-25T23:35:51.763665+00:00", "data": {"market": "0xb5fb3fd4dbc7fdc70e3666ed4193e3171ecc257dcd43e01b36dbd4efa01d777e", "price_changes": [{"asset_id": "8786566038915392046446786086504563210301842572125705765733243466035321540191", "price": "0.18", "size": "182.77", "side": "BUY", "hash": "016cedb5cb77d94362d574e586671246cc279105", "best_bid": "0.9", "best_ask": "0.94"}, {"asset_id": "57073863691050176858693353000197608096498121614576538982509295418934497382921", "price": "0.82", "size": "182.77", "side": "SELL", "hash": "889ed32261d94a76f1555d08c9b025a59a5cc46c", "best_bid": "0.06", "best_ask": "0.1"}], "timestamp": "1769384151677", "event_type": "price_change"}}
{"_local_timestamp": "2026-01-25T23:35:53.832071+00:00", "data": {"market": "0xb5fb3fd4dbc7fdc70e3666ed4193e3171ecc257dcd43e01b36dbd4efa01d777e", "price_changes": [{"asset_id": "8786566038915392046446786086504563210301842572125705765733243466035321540191", "price": "0.18", "size": "177.77", "side": "BUY", "hash": "cc37913d06d7d9921dddb651505264017f488cba", "best_bid": "0.9", "best_ask": "0.94"}, {"asset_id": "57073863691050176858693353000197608096498121614576538982509295418934497382921", "price": "0.82", "size": "177.77", "side": "SELL", "hash": "b4b8661ffaed16a8c7ee2516daf60e973399727b", "best_bid": "0.06", "best_ask": "0.1"}], "timestamp": "1769384153753", "event_type": "price_change"}}
{"_local_timestamp": "2026-01-25T23:35:54.309176+00:00", "data": {"market": "0xb5fb3fd4dbc7fdc70e3666ed4193e3171ecc257dcd43e01b36dbd4efa01d777e", "price_changes": [{"asset_id": "8786566038915392046446786086504563210301842572125705765733243466035321540191", "price": "0.18", "size": "182.77", "side": "BUY", "hash": "8e3f6a59112a6a51563d7444dec6c63411b1d426", "best_bid": "0.9", "best_ask": "0.94"}, {"asset_id": "57073863691050176858693353000197608096498121614576538982509295418934497382921", "price": "0.82", "size": "182.77", "side": "SELL", "hash": "6f46c64aad633d5b0fa5370b5da07625ec33149f", "best_bid": "0.06", "best_ask": "0.1"}], "timestamp": "1769384154242", "event_type": "price_change"}}
{"_local_timestamp": "2026-01-25T23:35:56.299326+00:00", "data": {"market": "0xb5fb3fd4dbc7fdc70e3666ed4193e3171ecc257dcd43e01b36dbd4efa01d777e", "price_changes": [{"asset_id": "8786566038915392046446786086504563210301842572125705765733243466035321540191", "price": "0.18", "size": "177.77", "side": "BUY", "hash": "0c95a94b096359057a23cfcf1924d38239d0fa8a", "best_bid": "0.9", "best_ask": "0.94"}, {"asset_id": "57073863691050176858693353000197608096498121614576538982509295418934497382921", "price": "0.82", "size": "177.77", "side": "SELL", "hash": "00d0ac7b534c20e4b9f478f633f60191a756dff0", "best_bid": "0.06", "best_ask": "0.1"}], "timestamp": "1769384156225", "event_type": "price_change"}}
{"_local_timestamp": "2026-01-25T23:35:56.711693+00:00", "data": {"market": "0xb5fb3fd4dbc7fdc70e3666ed4193e3171ecc257dcd43e01b36dbd4efa01d777e", "price_changes": [{"asset_id": "8786566038915392046446786086504563210301842572125705765733243466035321540191", "price": "0.18", "size": "182.77", "side": "BUY", "hash": "2160cc9ff00de8bda48b2784a116fd37d71a04f2", "best_bid": "0.9", "best_ask": "0.94"}, {"asset_id": "57073863691050176858693353000197608096498121614576538982509295418934497382921", "price": "0.82", "size": "182.77", "side": "SELL", "hash": "2afde74358f23b2e12782db09bbb2ba027da2bf1", "best_bid": "0.06", "best_ask": "0.1"}], "timestamp": "1769384156636", "event_type": "price_change"}}
{"_local_timestamp": "2026-01-25T23:35:57.909008+00:00", "data": {"market": "0xb5fb3fd4dbc7fdc70e3666ed4193e3171ecc257dcd43e01b36dbd4efa01d777e", "price_changes": [{"asset_id": "8786566038915392046446786086504563210301842572125705765733243466035321540191", "price": "0.18", "size": "177.77", "side": "BUY", "hash": "bda1f5a5eab8bd447810e1388876d6cc1a82ee89", "best_bid": "0.9", "best_ask": "0.94"}, {"asset_id": "57073863691050176858693353000197608096498121614576538982509295418934497382921", "price": "0.82", "size": "177.77", "side": "SELL", "hash": "162ad9ce99089537e6b428e35ae5bba52221e091", "best_bid": "0.06", "best_ask": "0.1"}], "timestamp": "1769384157805", "event_type": "price_change"}}
{"_local_timestamp": "2026-01-25T23:35:58.317252+00:00", "data": {"market": "0xb5fb3fd4dbc7fdc70e3666ed4193e3171ecc257dcd43e01b36dbd4efa01d777e", "price_changes": [{"asset_id": "8786566038915392046446786086504563210301842572125705765733243466035321540191", "price": "0.18", "size": "182.77", "side": "BUY", "hash": "e7eabd7c8dc1416fd37599ef9c06c1be0d306ca6", "best_bid": "0.9", "best_ask": "0.94"}, {"asset_id": "57073863691050176858693353000197608096498121614576538982509295418934497382921", "price": "0.82", "size": "182.77", "side": "SELL", "hash": "4c36f95b7637f0cb0e6822922f72e918af6e02c7", "best_bid": "0.06", "best_ask": "0.1"}], "timestamp": "1769384158241", "event_type": "price_change"}}
{"_local_timestamp": "2026-01-25T23:36:00.349048+00:00", "data": {"market": "0xb5fb3fd4dbc7fdc70e3666ed4193e3171ecc257dcd43e01b36dbd4efa01d777e", "price_changes": [{"asset_id": "8786566038915392046446786086504563210301842572125705765733243466035321540191", "price": "0.18", "size": "177.77", "side": "BUY", "hash": "6d2f67ac2106dbec2e6e6ea8b90e508c4782c3bd", "best_bid": "0.9", "best_ask": "0.94"}, {"asset_id": "57073863691050176858693353000197608096498121614576538982509295418934497382921", "price": "0.82", "size": "177.77", "side": "SELL", "hash": "c30601085de989f5f3eff7a5bc07f094b4828bff", "best_bid": "0.06", "best_ask": "0.1"}], "timestamp": "1769384160280", "event_type": "price_change"}}
{"_local_timestamp": "2026-01-25T23:36:00.694226+00:00", "data": {"market": "0xb5fb3fd4dbc7fdc70e3666ed4193e3171ecc257dcd43e01b36dbd4efa01d777e", "price_changes": [{"asset_id": "8786566038915392046446786086504563210301842572125705765733243466035321540191", "price": "0.18", "size": "182.77", "side": "BUY", "hash": "36548e0becf126f319646532aa8445fe000c6414", "best_bid": "0.9", "best_ask": "0.94"}, {"asset_id": "57073863691050176858693353000197608096498121614576538982509295418934497382921", "price": "0.82", "size": "182.77", "side": "SELL", "hash": "2a0b827c8089f0daed4b2c1cac396f8329e6c042", "best_bid": "0.06", "best_ask": "0.1"}], "timestamp": "1769384160624", "event_type": "price_change"}}
{"_local_timestamp": "2026-01-25T23:36:02.017575+00:00", "data": {"market": "0xb5fb3fd4dbc7fdc70e3666ed4193e3171ecc257dcd43e01b36dbd4efa01d777e", "price_changes": [{"asset_id": "8786566038915392046446786086504563210301842572125705765733243466035321540191", "price": "0.18", "size": "177.77", "side": "BUY", "hash": "20373e49fbb57dd55496ce79282ce25986543329", "best_bid": "0.9", "best_ask": "0.94"}, {"asset_id": "57073863691050176858693353000197608096498121614576538982509295418934497382921", "price": "0.82", "size": "177.77", "side": "SELL", "hash": "faa9f19e31ba694e1f06969de68832841e41a556", "best_bid": "0.06", "best_ask": "0.1"}], "timestamp": "1769384161945", "event_type": "price_change"}}
{"_local_timestamp": "2026-01-25T23:36:02.487369+00:00", "data": {"market": "0xb5fb3fd4dbc7fdc70e3666ed4193e3171ecc257dcd43e01b36dbd4efa01d777e", "price_changes": [{"asset_id": "8786566038915392046446786086504563210301842572125705765733243466035321540191", "price": "0.18", "size": "182.77", "side": "BUY", "hash": "6067fbc2103a40debf2192154c733b98a3ae07e3", "best_bid": "0.9", "best_ask": "0.94"}, {"asset_id": "57073863691050176858693353000197608096498121614576538982509295418934497382921", "price": "0.82", "size": "182.77", "side": "SELL", "hash": "2b70d3eee2fe41928114d8cbf4864fc07db82b1d", "best_bid": "0.06", "best_ask": "0.1"}], "timestamp": "1769384162416", "event_type": "price_change"}}
{"_local_timestamp": "2026-01-25T23:36:04.218332+00:00", "data": {"market": "0xb5fb3fd4dbc7fdc70e3666ed4193e3171ecc257dcd43e01b36dbd4efa01d777e", "price_changes": [{"asset_id": "8786566038915392046446786086504563210301842572125705765733243466035321540191", "price": "0.18", "size": "177.77", "side": "BUY", "hash": "48cf39a902bfac37b10c3839dc6ffe6b6ab74a4d", "best_bid": "0.9", "best_ask": "0.94"}, {"asset_id": "57073863691050176858693353000197608096498121614576538982509295418934497382921", "price": "0.82", "size": "177.77", "side": "SELL", "hash": "ef3697812556c8ed2e43352b5aff45b275e714af", "best_bid": "0.06", "best_ask": "0.1"}], "timestamp": "1769384164136", "event_type": "price_change"}}
{"_local_timestamp": "2026-01-25T23:36:04.456990+00:00", "data": {"market": "0xb5fb3fd4dbc7fdc70e3666ed4193e3171ecc257dcd43e01b36dbd4efa01d777e", "price_changes": [{"asset_id": "8786566038915392046446786086504563210301842572125705765733243466035321540191", "price": "0.18", "size": "182.77", "side": "BUY", "hash": "e64a1b28a56689ac63aaba3a2eec8f39bdd6d3de", "best_bid": "0.9", "best_ask": "0.94"}, {"asset_id": "57073863691050176858693353000197608096498121614576538982509295418934497382921", "price": "0.82", "size": "182.77", "side": "SELL", "hash": "e7ff439fbe6764c7830bb7bbbdfceb01adfd650e", "best_bid": "0.06", "best_ask": "0.1"}], "timestamp": "1769384164391", "event_type": "price_change"}}
{"_local_timestamp": "2026-01-25T23:36:06.367110+00:00", "data": {"market": "0xb5fb3fd4dbc7fdc70e3666ed4193e3171ecc257dcd43e01b36dbd4efa01d777e", "price_changes": [{"asset_id": "8786566038915392046446786086504563210301842572125705765733243466035321540191", "price": "0.18", "size": "177.77", "side": "BUY", "hash": "174d43fd6fc8029dd764c1cd83547e295d86765d", "best_bid": "0.9", "best_ask": "0.94"}, {"asset_id": "57073863691050176858693353000197608096498121614576538982509295418934497382921", "price": "0.82", "size": "177.77", "side": "SELL", "hash": "bd09b1366a1507bc1c785ec4e36c85706ee282db", "best_bid": "0.06", "best_ask": "0.1"}], "timestamp": "1769384166293", "event_type": "price_change"}}
{"_local_timestamp": "2026-01-25T23:36:06.801165+00:00", "data": {"market": "0xb5fb3fd4dbc7fdc70e3666ed4193e3171ecc257dcd43e01b36dbd4efa01d777e", "price_changes": [{"asset_id": "8786566038915392046446786086504563210301842572125705765733243466035321540191", "price": "0.18", "size": "182.77", "side": "BUY", "hash": "930d30011eb5e30f4debed22c07dbed0e0436e72", "best_bid": "0.9", "best_ask": "0.94"}, {"asset_id": "57073863691050176858693353000197608096498121614576538982509295418934497382921", "price": "0.82", "size": "182.77", "side": "SELL", "hash": "f497d673fa49cf9f141f46a047facf0a21c574f7", "best_bid": "0.06", "best_ask": "0.1"}], "timestamp": "1769384166732", "event_type": "price_change"}}
{"_local_timestamp": "2026-01-25T23:36:08.648971+00:00", "data": {"market": "0xb5fb3fd4dbc7fdc70e3666ed4193e3171ecc257dcd43e01b36dbd4efa01d777e", "price_changes": [{"asset_id": "8786566038915392046446786086504563210301842572125705765733243466035321540191", "price": "0.18", "size": "177.77", "side": "BUY", "hash": "5797cc0d9285d8627a7ac82df5a12f1c77052c68", "best_bid": "0.9", "best_ask": "0.94"}, {"asset_id": "57073863691050176858693353000197608096498121614576538982509295418934497382921", "price": "0.82", "size": "177.77", "side": "SELL", "hash": "de2652c0bddb6f25eeafcc14d0b31e72361d6204", "best_bid": "0.06", "best_ask": "0.1"}], "timestamp": "1769384168577", "event_type": "price_change"}}
{"_local_timestamp": "2026-01-25T23:36:08.938310+00:00", "data": {"market": "0xb5fb3fd4dbc7fdc70e3666ed4193e3171ecc257dcd43e01b36dbd4efa01d777e", "price_changes": [{"asset_id": "8786566038915392046446786086504563210301842572125705765733243466035321540191", "price": "0.18", "size": "182.77", "side": "BUY", "hash": "96c334255af6bb4b3c308002cd9a56fab7e15827", "best_bid": "0.9", "best_ask": "0.94"}, {"asset_id": "57073863691050176858693353000197608096498121614576538982509295418934497382921", "price": "0.82", "size": "182.77", "side": "SELL", "hash": "2f307ef3cf2dcd5a7f3db14bb8f666d0026d7d4f", "best_bid": "0.06", "best_ask": "0.1"}], "timestamp": "1769384168871", "event_type": "price_change"}}
{"_local_timestamp": "2026-01-25T23:36:10.795866+00:00", "data": {"market": "0xb5fb3fd4dbc7fdc70e3666ed4193e3171ecc257dcd43e01b36dbd4efa01d777e", "price_changes": [{"asset_id": "8786566038915392046446786086504563210301842572125705765733243466035321540191", "price": "0.18", "size": "177.77", "side": "BUY", "hash": "78d792c497d890576baa2ca2d297df584f4491e0", "best_bid": "0.9", "best_ask": "0.94"}, {"asset_id": "57073863691050176858693353000197608096498121614576538982509295418934497382921", "price": "0.82", "size": "177.77", "side": "SELL", "hash": "5e62856a8d898dc76a593eaf4dbba77dad61b4e9", "best_bid": "0.06", "best_ask": "0.1"}], "timestamp": "1769384170725", "event_type": "price_change"}}
{"_local_timestamp": "2026-01-25T23:36:11.134679+00:00", "data": {"market": "0xb5fb3fd4dbc7fdc70e3666ed4193e3171ecc257dcd43e01b36dbd4efa01d777e", "price_changes": [{"asset_id": "8786566038915392046446786086504563210301842572125705765733243466035321540191", "price": "0.18", "size": "182.77", "side": "BUY", "hash": "fe40de91f50579cce091ae6a425768a65f10c1fd", "best_bid": "0.9", "best_ask": "0.94"}, {"asset_id": "57073863691050176858693353000197608096498121614576538982509295418934497382921", "price": "0.82", "size": "182.77", "side": "SELL", "hash": "129f723a66e54ab5aa7b078c205651aac4197aa4", "best_bid": "0.06", "best_ask": "0.1"}], "timestamp": "1769384171058", "event_type": "price_change"}}
{"_local_timestamp": "2026-01-25T23:36:12.960441+00:00", "data": {"market": "0xb5fb3fd4dbc7fdc70e3666ed4193e3171ecc257dcd43e01b36dbd4efa01d777e", "price_changes": [{"asset_id": "8786566038915392046446786086504563210301842572125705765733243466035321540191", "price": "0.18", "size": "177.77", "side": "BUY", "hash": "921d2721cb51e74c937dd6bc006e2a91fb2e4298", "best_bid": "0.9", "best_ask": "0.94"}, {"asset_id": "57073863691050176858693353000197608096498121614576538982509295418934497382921", "price": "0.82", "size": "177.77", "side": "SELL", "hash": "58bb6667062970e1f5544b912d0f6f07b6a7a71a", "best_bid": "0.06", "best_ask": "0.1"}], "timestamp": "1769384172892", "event_type": "price_change"}}
{"_local_timestamp": "2026-01-25T23:36:13.298471+00:00", "data": {"market": "0xb5fb3fd4dbc7fdc70e3666ed4193e3171ecc257dcd43e01b36dbd4efa01d777e", "price_changes": [{"asset_id": "8786566038915392046446786086504563210301842572125705765733243466035321540191", "price": "0.18", "size": "182.77", "side": "BUY", "hash": "11a67c268a505d63760276e6857b6587e7babd8d", "best_bid": "0.9", "best_ask": "0.94"}, {"asset_id": "57073863691050176858693353000197608096498121614576538982509295418934497382921", "price": "0.82", "size": "182.77", "side": "SELL", "hash": "87e1350ad60376cf18894a1d4762f0d221ba8693", "best_bid": "0.06", "best_ask": "0.1"}], "timestamp": "1769384173230", "event_type": "price_change"}}
{"_local_timestamp": "2026-01-25T23:36:15.580619+00:00", "data": {"market": "0xb5fb3fd4dbc7fdc70e3666ed4193e3171ecc257dcd43e01b36dbd4efa01d777e", "price_changes": [{"asset_id": "8786566038915392046446786086504563210301842572125705765733243466035321540191", "price": "0.18", "size": "177.77", "side": "BUY", "hash": "9aa143ecd4508bce73977b70fba013474e3ba40c", "best_bid": "0.9", "best_ask": "0.94"}, {"asset_id": "57073863691050176858693353000197608096498121614576538982509295418934497382921", "price": "0.82", "size": "177.77", "side": "SELL", "hash": "1056b78efb45c0f39b44c37026c0b680d44c0b08", "best_bid": "0.06", "best_ask": "0.1"}], "timestamp": "1769384175501", "event_type": "price_change"}}
{"_local_timestamp": "2026-01-25T23:36:15.811609+00:00", "data": {"market": "0xb5fb3fd4dbc7fdc70e3666ed4193e3171ecc257dcd43e01b36dbd4efa01d777e", "price_changes": [{"asset_id": "8786566038915392046446786086504563210301842572125705765733243466035321540191", "price": "0.18", "size": "182.77", "side": "BUY", "hash": "1f4ddbd41361fcf95c31473a0b806c1fbaa297fd", "best_bid": "0.9", "best_ask": "0.94"}, {"asset_id": "57073863691050176858693353000197608096498121614576538982509295418934497382921", "price": "0.82", "size": "182.77", "side": "SELL", "hash": "983e0ec442c6cad68bf6555e55d01c3965718f5f", "best_bid": "0.06", "best_ask": "0.1"}], "timestamp": "1769384175731", "event_type": "price_change"}}
{"_local_timestamp": "2026-01-25T23:36:17.726499+00:00", "data": {"market": "0xb5fb3fd4dbc7fdc70e3666ed4193e3171ecc257dcd43e01b36dbd4efa01d777e", "price_changes": [{"asset_id": "8786566038915392046446786086504563210301842572125705765733243466035321540191", "price": "0.18", "size": "177.77", "side": "BUY", "hash": "67ca56c8cb190b2480c522f954dff6039e313343", "best_bid": "0.9", "best_ask": "0.94"}, {"asset_id": "57073863691050176858693353000197608096498121614576538982509295418934497382921", "price": "0.82", "size": "177.77", "side": "SELL", "hash": "809b6f01a6d20fe46312b4e25d7c377b05abab20", "best_bid": "0.06", "best_ask": "0.1"}], "timestamp": "1769384177654", "event_type": "price_change"}}
{"_local_timestamp": "2026-01-25T23:36:18.183572+00:00", "data": {"market": "0xb5fb3fd4dbc7fdc70e3666ed4193e3171ecc257dcd43e01b36dbd4efa01d777e", "price_changes": [{"asset_id": "8786566038915392046446786086504563210301842572125705765733243466035321540191", "price": "0.18", "size": "182.77", "side": "BUY", "hash": "1797a6d0913efcdf4c78e39d283078ed59864e04", "best_bid": "0.9", "best_ask": "0.94"}, {"asset_id": "57073863691050176858693353000197608096498121614576538982509295418934497382921", "price": "0.82", "size": "182.77", "side": "SELL", "hash": "07c8c93ca00c5dc0175afe3b3e01adffddf5b288", "best_bid": "0.06", "best_ask": "0.1"}], "timestamp": "1769384178088", "event_type": "price_change"}}
