{"_local_timestamp": "2026-01-25T23:33:17.862174+00:00", "data": [{"market": "0x16fcfe6c4bc8bf2fd210f1e3b5b0d55a2115a437923dc5730d63acb62c3366c9", "asset_id": "103355594346838123493217461284154957347949166061676890605566123828867704884418", "timestamp": "1769383968001", "hash": "4618dd912c540e114340e35b691e2224724eaf31", "bids": [{"price": "0.001", "size": "140.87"}, {"price": "0.01", "size": "50.28"}, {"price": "0.059", "size": "20"}, {"price": "0.061", "size": "48.79"}, {"price": "0.062", "size": "5.63"}, {"price": "0.1", "size": "14"}], "asks": [{"price": "0.999", "size": "6101020.8"}, {"price": "0.998", "size": "90250"}, {"price": "0.997", "size": "14.04"}, {"price": "0.99", "size": "78"}, {"price": "0.989", "size": "33.99"}, {"price": "0.95", "size": "30"}, {"price": "0.899", "size": "3000"}, {"price": "0.898", "size": "5.61"}, {"price": "0.5", "size": "100"}, {"price": "0.499", "size": "75.84"}, {"price": "0.4", "size": "44.08"}], "event_type": "book", "last_trade_price": "0.600"}, {"market": "0x16fcfe6c4bc8bf2fd210f1e3b5b0d55a2115a437923dc5730d63acb62c3366c9", "asset_id": "69170306473064163780812013647523990069387767302750674849421091155270068626385", "timestamp": "1769383968001", "hash": "12e50cdca26e5be2a87b0f8bd82e3a9db1836512", "bids": [{"price": "0.001", "size": "6101020.8"}, {"price": "0.002", "size": "90250"}, {"price": "0.003", "size": "14.04"}, {"price": "0.01", "size": "78"}, {"price": "0.011", "size": "33.99"}, {"price": "0.05", "size": "30"}, {"price": "0.101", "size": "3000"}, {"price": "0.102", "size": "5.61"}, {"price": "0.5", "size": "100"}, {"price": "0.501", "size": "75.84"}, {"price": "0.6", "size": "44.08"}], "asks": [{"price": "0.999", "size": "140.87"}, {"price": "0.99", "size": "50.28"}, {"price": "0.941", "size": "20"}, {"price": "0.939", "size": "48.79"}, {"price": "0.938", "size": "5.63"}, {"price": "0.9", "size": "14"}], "event_type": "book", "last_trade_price": "0.600"}]}
{"_local_timestamp": "2026-01-25T23:33:50.950305+00:00", "data": {"market": "0x16fcfe6c4bc8bf2fd210f1e3b5b0d55a2115a437923dc5730d63acb62c3366c9", "price_changes": [{"asset_id": "69170306473064163780812013647523990069387767302750674849421091155270068626385", "price": "0.501", "size": "0", "side": "BUY", "hash": "3764a9ddf68b1af9148a309f2692d8a7eb3d115a", "best_bid": "0.6", "best_ask": "0.9"}, {"asset_id": "103355594346838123493217461284154957347949166061676890605566123828867704884418", "price": "0.499", "size": "0", "side": "SELL", "hash": "b09f7006804f15250669da339e9d8920541ab122", "best_bid": "0.1", "best_ask": "0.4"}], "timestamp": "1769384030697", "event_type": "price_change"}}
{"_local_timestamp": "2026-01-25T23:34:41.507481+00:00", "data": {"market": "0x16fcfe6c4bc8bf2fd210f1e3b5b0d55a2115a437923dc5730d63acb62c3366c9", "price_changes": [{"asset_id": "69170306473064163780812013647523990069387767302750674849421091155270068626385", "price": "0.939", "size": "0", "side": "SELL", "hash": "585a3165e98d7e5d0eb0d12d2e8dc50633a7bd81", "best_bid": "0.6", "best_ask": "0.9"}, {"asset_id": "103355594346838123493217461284154957347949166061676890605566123828867704884418", "price": "0.061", "size": "0", "side": "BUY", "hash": "d98d069cac5c4045002f06a26a8731140b028877", "best_bid": "0.1", "best_ask": "0.4"}], "timestamp": "1769384081417", "event_type": "price_change"}}
{"_local_timestamp": "2026-01-25T23:35:08.665890+00:00", "data": {"market": "0x16fcfe6c4bc8bf2fd210f1e3b5b0d55a2115a437923dc5730d63acb62c3366c9", "price_changes": [{"asset_id": "69170306473064163780812013647523990069387767302750674849421091155270068626385", "price": "0.937", "size": "48.79", "side": "SELL", "hash": "0abf01d19a954736837bcfc39067e55b786803d2", "best_bid": "0.6", "best_ask": "0.9"}, {"asset_id": "103355594346838123493217461284154957347949166061676890605566123828867704884418", "price": "0.063", "size": "48.79", "side": "BUY", "hash": "f2c143fb4ea1103c781d98a158ab90a7de332fd2", "best_bid": "0.1", "best_ask": "0.4"}], "timestamp": "1769384108591", "event_type": "price_change"}}
{"_local_timestamp": "2026-01-25T23:35:17.257947+00:00", "data": {"market": "0x16fcfe6c4bc8bf2fd210f1e3b5b0d55a2115a437923dc5730d63acb62c3366c9", "price_changes": [{"asset_id": "69170306473064163780812013647523990069387767302750674849421091155270068626385", "price": "0.501", "size": "75.84", "side": "BUY", "hash": "45496782637b44e202ac77df1e19c61b3185fd10", "best_bid": "0.6", "best_ask": "0.9"}, {"asset_id": "103355594346838123493217461284154957347949166061676890605566123828867704884418", "price": "0.499", "size": "75.84", "side": "SELL", "hash": "2fff5d81e921f45cce322210bc2e152413ca6dd1", "best_bid": "0.1", "best_ask": "0.4"}], "timestamp": "1769384117191", "event_type": "price_change"}}
{"_local_timestamp": "2026-01-25T23:36:57.982304+00:00", "data": {"market": "0x16fcfe6c4bc8bf2fd210f1e3b5b0d55a2115a437923dc5730d63acb62c3366c9", "price_changes": [{"asset_id": "103355594346838123493217461284154957347949166061676890605566123828867704884418", "price": "0.001", "size": "110.93", "side": "BUY", "hash": "cb220754b24c06994e7f96a6026499e4b2ed4afd", "best_bid": "0.1", "best_ask": "0.4"}, {"asset_id": "69170306473064163780812013647523990069387767302750674849421091155270068626385", "price": "0.999", "size": "110.93", "side": "SELL", "hash": "384b7d75e5cbb5664d69b4254c4b230f83388c54", "best_bid": "0.6", "best_ask": "0.9"}], "timestamp": "1769384217536", "event_type": "price_change"}}
{"_local_timestamp": "2026-01-25T23:36:57.982978+00:00", "data": {"market": "0x16fcfe6c4bc8bf2fd210f1e3b5b0d55a2115a437923dc5730d63acb62c3366c9", "price_changes": [{"asset_id": "103355594346838123493217461284154957347949166061676890605566123828867704884418", "price": "0.062", "size": "0", "side": "BUY", "hash": "cb220754b24c06994e7f96a6026499e4b2ed4afd", "best_bid": "0.1", "best_ask": "0.4"}, {"asset_id": "69170306473064163780812013647523990069387767302750674849421091155270068626385", "price": "0.938", "size": "0", "side": "SELL", "hash": "384b7d75e5cbb5664d69b4254c4b230f83388c54", "best_bid": "0.6", "best_ask": "0.9"}], "timestamp": "1769384217536", "event_type": "price_change"}}
{"_local_timestamp": "2026-01-25T23:36:58.437598+00:00", "data": {"market": "0x16fcfe6c4bc8bf2fd210f1e3b5b0d55a2115a437923dc5730d63acb62c3366c9", "price_changes": [{"asset_id": "103355594346838123493217461284154957347949166061676890605566123828867704884418", "price": "0.063", "size": "54.14", "side": "BUY", "hash": "3f049f03df263c5b17167a0bdbef8077f8b906ce", "best_bid": "0.1", "best_ask": "0.4"}, {"asset_id": "69170306473064163780812013647523990069387767302750674849421091155270068626385", "price": "0.937", "size": "54.14", "side": "SELL", "hash": "1717c464ca490a735d17e840b34a44ac17a1defc", "best_bid": "0.6", "best_ask": "0.9"}], "timestamp": "1769384218127", "event_type": "price_change"}}
{"_local_timestamp": "2026-01-25T23:36:58.440560+00:00", "data": {"market": "0x16fcfe6c4bc8bf2fd210f1e3b5b0d55a2115a437923dc5730d63acb62c3366c9", "price_changes": [{"asset_id": "103355594346838123493217461284154957347949166061676890605566123828867704884418", "price": "0.002", "size": "20.67", "side": "BUY", "hash": "f6b37601c5fa3b0c29b3fb14e895ded590156676", "best_bid": "0.1", "best_ask": "0.4"}, {"asset_id": "69170306473064163780812013647523990069387767302750674849421091155270068626385", "price": "0.998", "size": "20.67", "side": "SELL", "hash": "2480d89408f0b6c9586db231a9d6bfdbeb5dcdf9", "best_bid": "0.6", "best_ask": "0.9"}], "timestamp": "1769384218128", "event_type": "price_change"}}
{"_local_timestamp": "2026-01-25T23:36:58.440908+00:00", "data": {"market": "0x16fcfe6c4bc8bf2fd210f1e3b5b0d55a2115a437923dc5730d63acb62c3366c9", "price_changes": [{"asset_id": "103355594346838123493217461284154957347949166061676890605566123828867704884418", "price": "0.011", "size": "47.32", "side": "BUY", "hash": "5f24ad4e76e2208aa20773ff5af13564ae3cb2f3", "best_bid": "0.1", "best_ask": "0.4"}, {"asset_id": "69170306473064163780812013647523990069387767302750674849421091155270068626385", "price": "0.989", "size": "47.32", "side": "SELL", "hash": "75804ce5732e991d881e35c9c32eb2a082d8e354", "best_bid": "0.6", "best_ask": "0.9"}], "timestamp": "1769384218129", "event_type": "price_change"}}
{"_local_timestamp": "2026-01-25T23:37:03.294827+00:00", "data": {"market": "0x16fcfe6c4bc8bf2fd210f1e3b5b0d55a2115a437923dc5730d63acb62c3366c9", "price_changes": [{"asset_id": "69170306473064163780812013647523990069387767302750674849421091155270068626385", "price": "0.501", "size": "0", "side": "BUY", "hash": "d85a5ae01ee1bb278f0e6874c9ff393b4bf9d772", "best_bid": "0.6", "best_ask": "0.9"}, {"asset_id": "103355594346838123493217461284154957347949166061676890605566123828867704884418", "price": "0.499", "size": "0", "side": "SELL", "hash": "3463f4e68b20ce1bdc03295ebe86df6f0f612b85", "best_bid": "0.1", "best_ask": "0.4"}], "timestamp": "1769384223105", "event_type": "price_change"}}
{"_local_timestamp": "2026-01-25T23:38:37.222062+00:00", "data": {"market": "0x16fcfe6c4bc8bf2fd210f1e3b5b0d55a2115a437923dc5730d63acb62c3366c9", "price_changes": [{"asset_id": "69170306473064163780812013647523990069387767302750674849421091155270068626385", "price": "0.501", "size": "75.84", "side": "BUY", "hash": "f614d06e290a058a11fbcc8658344008a5e276bb", "best_bid": "0.6", "best_ask": "0.9"}, {"asset_id": "103355594346838123493217461284154957347949166061676890605566123828867704884418", "price": "0.499", "size": "75.84", "side": "SELL", "hash": "8d454418e77b29672676ea9da8e968c274b5fa4e", "best_bid": "0.1", "best_ask": "0.4"}], "timestamp": "1769384317151", "event_type": "price_change"}}
