{"_local_timestamp": "2026-01-25T23:40:30.821807+00:00", "data": [{"market": "0xb215decbedd846168842f6e207f09bd5f50ce51d2191f238887d976ec21b6f66", "asset_id": "47095491075893964893538760255117389376159789121042722751357548754013031094277", "timestamp": "1769384401323", "hash": "d5824ddee767c2c7fd5a3b725f70a582eb34b32f", "bids": [{"price": "0.01", "size": "16016.26"}, {"price": "0.02", "size": "5048"}, {"price": "0.03", "size": "550"}, {"price": "0.04", "size": "518.49"}, {"price": "0.05", "size": "30"}, {"price": "0.06", "size": "2383"}, {"price": "0.08", "size": "128"}, {"price": "0.1", "size": "360"}, {"price": "0.11", "size": "5.43"}, {"price": "0.14", "size": "667.85"}, {"price": "0.16", "size": "32"}, {"price": "0.19", "size": "418.42"}, {"price": "0.22", "size": "100"}, {"price": "0.24", "size": "832.66"}, {"price": "0.28", "size": "200"}, {"price": "0.29", "size": "89.65"}, {"price": "0.32", "size": "8"}, {"price": "0.34", "size": "70.58"}, {"price": "0.37", "size": "10"}, {"price": "0.38", "size": "52.63"}, {"price": "0.39", "size": "1663"}, {"price": "0.6", "size": "142.85"}, {"price": "0.61", "size": "40"}, {"price": "0.64", "size": "5"}, {"price": "0.7", "size": "4553.32"}, {"price": "0.73", "size": "1036.11"}, {"price": "0.74", "size": "24.99"}, {"price": "0.77", "size": "1500"}, {"price": "0.79", "size": "10"}, {"price": "0.8", "size": "6915.35"}, {"price": "0.81", "size": "236.55"}, {"price": "0.82", "size": "50"}, {"price": "0.83", "size": "6"}, {"price": "0.84", "size": "420"}, {"price": "0.85", "size": "20"}, {"price": "0.87", "size": "100"}, {"price": "0.88", "size": "697.57"}, {"price": "0.89", "size": "1050"}, {"price": "0.9", "size": "2724.98"}, {"price": "0.91", "size": "4144.99"}, {"price": "0.92", "size": "3350.35"}, {"price": "0.93", "size": "8795.92"}, {"price": "0.94", "size": "3517.33"}, {"price": "0.95", "size": "503.95"}], "asks": [{"price": "0.99", "size": "365582.07"}, {"price": "0.98", "size": "20117.05"}, {"price": "0.97", "size": "5184.55"}, {"price": "0.96", "size": "10595.71"}], "event_type": "book", "last_trade_price": "0.050"}, {"market": "0xb215decbedd846168842f6e207f09bd5f50ce51d2191f238887d976ec21b6f66", "asset_id": "52035147432985774092509040925165515760899062720939921734142361138587845236034", "timestamp": "1769384401323", "hash": "5997e810c64b8546098c8fb1106193f8a89f1859", "bids": [{"price": "0.01", "size": "365582.07"}, {"price": "0.02", "size": "20117.05"}, {"price": "0.03", "size": "5184.55"}, {"price": "0.04", "size": "10595.71"}], "asks": [{"price": "0.99", "size": "16016.26"}, {"price": "0.98", "size": "5048"}, {"price": "0.97", "size": "550"}, {"price": "0.96", "size": "518.49"}, {"price": "0.95", "size": "30"}, {"price": "0.94", "size": "2383"}, {"price": "0.92", "size": "128"}, {"price": "0.9", "size": "360"}, {"price": "0.89", "size": "5.43"}, {"price": "0.86", "size": "667.85"}, {"price": "0.84", "size": "32"}, {"price": "0.81", "size": "418.42"}, {"price": "0.78", "size": "100"}, {"price": "0.76", "size": "832.66"}, {"price": "0.72", "size": "200"}, {"price": "0.71", "size": "89.65"}, {"price": "0.68", "size": "8"}, {"price": "0.66", "size": "70.58"}, {"price": "0.63", "size": "10"}, {"price": "0.62", "size": "52.63"}, {"price": "0.61", "size": "1663"}, {"price": "0.4", "size": "142.85"}, {"price": "0.39", "size": "40"}, {"price": "0.36", "size": "5"}, {"price": "0.3", "size": "4553.32"}, {"price": "0.27", "size": "1036.11"}, {"price": "0.26", "size": "24.99"}, {"price": "0.23", "size": "1500"}, {"price": "0.21", "size": "10"}, {"price": "0.2", "size": "6915.35"}, {"price": "0.19", "size": "236.55"}, {"price": "0.18", "size": "50"}, {"price": "0.17", "size": "6"}, {"price": "0.16", "size": "420"}, {"price": "0.15", "size": "20"}, {"price": "0.13", "size": "100"}, {"price": "0.12", "size": "697.57"}, {"price": "0.11", "size": "1050"}, {"price": "0.1", "size": "2724.98"}, {"price": "0.09", "size": "4144.99"}, {"price": "0.08", "size": "3350.35"}, {"price": "0.07", "size": "8795.92"}, {"price": "0.06", "size": "3517.33"}, {"price": "0.05", "size": "503.95"}], "event_type": "book", "last_trade_price": "0.050"}]}
{"_local_timestamp": "2026-01-25T23:40:46.792205+00:00", "data": {"market": "0xb215decbedd846168842f6e207f09bd5f50ce51d2191f238887d976ec21b6f66", "price_changes": [{"asset_id": "47095491075893964893538760255117389376159789121042722751357548754013031094277", "price": "0.25", "size": "1680", "side": "BUY", "hash": "085c10d56ff1efbbafb6003b062556929400edfc", "best_bid": "0.95", "best_ask": "0.96"}, {"asset_id": "52035147432985774092509040925165515760899062720939921734142361138587845236034", "price": "0.75", "size": "1680", "side": "SELL", "hash": "9af19d369efc34d6cb0199342bfc2cd85c8f85ad", "best_bid": "0.04", "best_ask": "0.05"}], "timestamp": "1769384446725", "event_type": "price_change"}}
{"_local_timestamp": "2026-01-25T23:41:14.680172+00:00", "data": {"market": "0xb215decbedd846168842f6e207f09bd5f50ce51d2191f238887d976ec21b6f66", "price_changes": [{"asset_id": "47095491075893964893538760255117389376159789121042722751357548754013031094277", "price": "0.25", "size": "0", "side": "BUY", "hash": "933dbf1f1f22cc8ca103328dddc231563a3eafa8", "best_bid": "0.95", "best_ask": "0.96"}, {"asset_id": "52035147432985774092509040925165515760899062720939921734142361138587845236034", "price": "0.75", "size": "0", "side": "SELL", "hash": "92605e8958573c38f1865462c05e99428f713b06", "best_bid": "0.04", "best_ask": "0.05"}], "timestamp": "1769384474530", "event_type": "price_change"}}
{"_local_timestamp": "2026-01-25T23:41:50.969068+00:00", "data": {"market": "0xb215decbedd846168842f6e207f09bd5f50ce51d2191f238887d976ec21b6f66", "price_changes": [{"asset_id": "47095491075893964893538760255117389376159789121042722751357548754013031094277", "price": "0.28", "size": "100", "side": "BUY", "hash": "e52fdf7ee9db6cb055beb8dbf7f91bcccf5c8f32", "best_bid": "0.95", "best_ask": "0.96"}, {"asset_id": "52035147432985774092509040925165515760899062720939921734142361138587845236034", "price": "0.72", "size": "100", "side": "SELL", "hash": "5394468cb68683ebccddb3f21a04e0b1eb6071fe", "best_bid": "0.04", "best_ask": "0.05"}], "timestamp": "1769384510774", "event_type": "price_change"}}
{"_local_timestamp": "2026-01-25T23:41:52.854890+00:00", "data": {"market": "0xb215decbedd846168842f6e207f09bd5f50ce51d2191f238887d976ec21b6f66", "price_changes": [{"asset_id": "47095491075893964893538760255117389376159789121042722751357548754013031094277", "price": "0.24", "size": "932.66", "side": "BUY", "hash": "6276990492249b5f8ee725073a3cfc90b850d75b", "best_bid": "0.95", "best_ask": "0.96"}, {"asset_id": "52035147432985774092509040925165515760899062720939921734142361138587845236034", "price": "0.76", "size": "932.66", "side": "SELL", "hash": "cb80ea81f37ef27dbdef42de5f2be3ab8a809833", "best_bid": "0.04", "best_ask": "0.05"}], "timestamp": "1769384511824", "event_type": "price_change"}}
{"_local_timestamp": "2026-01-25T23:42:16.040358+00:00", "data": {"market": "0xb215decbedd846168842f6e207f09bd5f50ce51d2191f238887d976ec21b6f66", "price_changes": [{"asset_id": "47095491075893964893538760255117389376159789121042722751357548754013031094277", "price": "0.29", "size": "1537.65", "side": "BUY", "hash": "07ee46ebbc7bf33c4e7f7c70cdfe901ce9853abc", "best_bid": "0.95", "best_ask": "0.96"}, {"asset_id": "52035147432985774092509040925165515760899062720939921734142361138587845236034", "price": "0.71", "size": "1537.65", "side": "SELL", "hash": "33db0a8a10573ee65b0c06fd63fc7586a7bf1d2c", "best_bid": "0.04", "best_ask": "0.05"}], "timestamp": "1769384535967", "event_type": "price_change"}}
{"_local_timestamp": "2026-01-25T23:42:24.573672+00:00", "data": {"market": "0xb215decbedd846168842f6e207f09bd5f50ce51d2191f238887d976ec21b6f66", "price_changes": [{"asset_id": "47095491075893964893538760255117389376159789121042722751357548754013031094277", "price": "0.28", "size": "50", "side": "BUY", "hash": "ee373b129900a5515c59953c0c6d0702f97b8c74", "best_bid": "0.95", "best_ask": "0.96"}, {"asset_id": "52035147432985774092509040925165515760899062720939921734142361138587845236034", "price": "0.72", "size": "50", "side": "SELL", "hash": "dd97ce155b08176426f7e1ba0d019da07a25375b", "best_bid": "0.04", "best_ask": "0.05"}], "timestamp": "1769384544473", "event_type": "price_change"}}
{"_local_timestamp": "2026-01-25T23:42:25.092724+00:00", "data": {"market": "0xb215decbedd846168842f6e207f09bd5f50ce51d2191f238887d976ec21b6f66", "price_changes": [{"asset_id": "47095491075893964893538760255117389376159789121042722751357548754013031094277", "price": "0.25", "size": "50", "side": "BUY", "hash": "bf5bbd5b3c1dd9273b5a27226ce2f579e878716c", "best_bid": "0.95", "best_ask": "0.96"}, {"asset_id": "52035147432985774092509040925165515760899062720939921734142361138587845236034", "price": "0.75", "size": "50", "side": "SELL", "hash": "3cc68cd387e75539181d7609d3bec291fe7c7aba", "best_bid": "0.04", "best_ask": "0.05"}], "timestamp": "1769384544903", "event_type": "price_change"}}
{"_local_timestamp": "2026-01-25T23:42:45.437305+00:00", "data": {"market": "0xb215decbedd846168842f6e207f09bd5f50ce51d2191f238887d976ec21b6f66", "price_changes": [{"asset_id": "47095491075893964893538760255117389376159789121042722751357548754013031094277", "price": "0.24", "size": "882.66", "side": "BUY", "hash": "056a018ff5744200b7deaa2e1a04e3f02f832cd6", "best_bid": "0.95", "best_ask": "0.96"}, {"asset_id": "52035147432985774092509040925165515760899062720939921734142361138587845236034", "price": "0.76", "size": "882.66", "side": "SELL", "hash": "cb358ad2c3b20b63512edb36744b01ad8cdc6cc3", "best_bid": "0.04", "best_ask": "0.05"}], "timestamp": "1769384565222", "event_type": "price_change"}}
{"_local_timestamp": "2026-01-25T23:42:45.768003+00:00", "data": {"market": "0xb215decbedd846168842f6e207f09bd5f50ce51d2191f238887d976ec21b6f66", "price_changes": [{"asset_id": "47095491075893964893538760255117389376159789121042722751357548754013031094277", "price": "0.25", "size": "100", "side": "BUY", "hash": "ad879a0adfa90603d7a3c4c914e8dca9c1995f83", "best_bid": "0.95", "best_ask": "0.96"}, {"asset_id": "52035147432985774092509040925165515760899062720939921734142361138587845236034", "price": "0.75", "size": "100", "side": "SELL", "hash": "34622921a228645cadc1681ad113ad828fa576f4", "best_bid": "0.04", "best_ask": "0.05"}], "timestamp": "1769384565599", "event_type": "price_change"}}
{"_local_timestamp": "2026-01-25T23:42:52.985260+00:00", "data": {"market": "0xb215decbedd846168842f6e207f09bd5f50ce51d2191f238887d976ec21b6f66", "price_changes": [{"asset_id": "52035147432985774092509040925165515760899062720939921734142361138587845236034", "price": "0.01", "size": "365564.4", "side": "BUY", "hash": "c94acdf5e282520b71b7700324caed9c3e023daa", "best_bid": "0.04", "best_ask": "0.05"}, {"asset_id": "47095491075893964893538760255117389376159789121042722751357548754013031094277", "price": "0.99", "size": "365564.4", "side": "SELL", "hash": "617bb6ff45b0ed216974d639347b3498c6a149dc", "best_bid": "0.95", "best_ask": "0.96"}], "timestamp": "1769384572893", "event_type": "price_change"}}
{"_local_timestamp": "2026-01-25T23:42:52.985829+00:00", "data": {"market": "0xb215decbedd846168842f6e207f09bd5f50ce51d2191f238887d976ec21b6f66", "price_changes": [{"asset_id": "52035147432985774092509040925165515760899062720939921734142361138587845236034", "price": "0.02", "size": "20093.4", "side": "BUY", "hash": "c94acdf5e282520b71b7700324caed9c3e023daa", "best_bid": "0.04", "best_ask": "0.05"}, {"asset_id": "47095491075893964893538760255117389376159789121042722751357548754013031094277", "price": "0.98", "size": "20093.4", "side": "SELL", "hash": "617bb6ff45b0ed216974d639347b3498c6a149dc", "best_bid": "0.95", "best_ask": "0.96"}], "timestamp": "1769384572893", "event_type": "price_change"}}
{"_local_timestamp": "2026-01-25T23:42:53.362070+00:00", "data": {"market": "0xb215decbedd846168842f6e207f09bd5f50ce51d2191f238887d976ec21b6f66", "price_changes": [{"asset_id": "52035147432985774092509040925165515760899062720939921734142361138587845236034", "price": "0.02", "size": "20117.05", "side": "BUY", "hash": "ed130b67ff6d2e7120b440a094d60d9b98564061", "best_bid": "0.04", "best_ask": "0.05"}, {"asset_id": "47095491075893964893538760255117389376159789121042722751357548754013031094277", "price": "0.98", "size": "20117.05", "side": "SELL", "hash": "e7c9409280e400f7a4b4996a530e0268a35ea3ee", "best_bid": "0.95", "best_ask": "0.96"}], "timestamp": "1769384573266", "event_type": "price_change"}}
{"_local_timestamp": "2026-01-25T23:42:53.364517+00:00", "data": {"market": "0xb215decbedd846168842f6e207f09bd5f50ce51d2191f238887d976ec21b6f66", "price_changes": [{"asset_id": "52035147432985774092509040925165515760899062720939921734142361138587845236034", "price": "0.01", "size": "365582.07", "side": "BUY", "hash": "29632ebc1b70a6b066114913cde7f05da906bbe7", "best_bid": "0.04", "best_ask": "0.05"}, {"asset_id": "47095491075893964893538760255117389376159789121042722751357548754013031094277", "price": "0.99", "size": "365582.07", "side": "SELL", "hash": "3eb0885e64a2d2942cad0e05424b4857a2ce4034", "best_bid": "0.95", "best_ask": "0.96"}], "timestamp": "1769384573267", "event_type": "price_change"}}
{"_local_timestamp": "2026-01-25T23:44:08.682993+00:00", "data": {"market": "0xb215decbedd846168842f6e207f09bd5f50ce51d2191f238887d976ec21b6f66", "price_changes": [{"asset_id": "47095491075893964893538760255117389376159789121042722751357548754013031094277", "price": "0.25", "size": "50", "side": "BUY", "hash": "be198b9eab12f241dd07a18c0a864bf3347ef254", "best_bid": "0.95", "best_ask": "0.96"}, {"asset_id": "52035147432985774092509040925165515760899062720939921734142361138587845236034", "price": "0.75", "size": "50", "side": "SELL", "hash": "1771aeac0479b0ef8e7994e00f7b3cb04f2229f1", "best_bid": "0.04", "best_ask": "0.05"}], "timestamp": "1769384648428", "event_type": "price_change"}}
{"_local_timestamp": "2026-01-25T23:44:09.083345+00:00", "data": {"market": "0xb215decbedd846168842f6e207f09bd5f50ce51d2191f238887d976ec21b6f66", "price_changes": [{"asset_id": "47095491075893964893538760255117389376159789121042722751357548754013031094277", "price": "0.29", "size": "1587.65", "side": "BUY", "hash": "ba3a3c4e1103ac514f65b420c3d97bd60c906437", "best_bid": "0.95", "best_ask": "0.96"}, {"asset_id": "52035147432985774092509040925165515760899062720939921734142361138587845236034", "price": "0.71", "size": "1587.65", "side": "SELL", "hash": "a7df7e9177179f69e54e7261c0dd5b61e470f10d", "best_bid": "0.04", "best_ask": "0.05"}], "timestamp": "1769384648760", "event_type": "price_change"}}
{"_local_timestamp": "2026-01-25T23:44:12.032035+00:00", "data": {"market": "0xb215decbedd846168842f6e207f09bd5f50ce51d2191f238887d976ec21b6f66", "price_changes": [{"asset_id": "52035147432985774092509040925165515760899062720939921734142361138587845236034", "price": "0.03", "size": "4984.55", "side": "BUY", "hash": "07c29d929a305f950e1d60a6a5d237583a9a6b4d", "best_bid": "0.04", "best_ask": "0.05"}, {"asset_id": "47095491075893964893538760255117389376159789121042722751357548754013031094277", "price": "0.97", "size": "4984.55", "side": "SELL", "hash": "ea9b3676ac77e2a05dd412c5158bae978c6be35d", "best_bid": "0.95", "best_ask": "0.96"}], "timestamp": "1769384651873", "event_type": "price_change"}}
{"_local_timestamp": "2026-01-25T23:44:12.037457+00:00", "data": {"market": "0xb215decbedd846168842f6e207f09bd5f50ce51d2191f238887d976ec21b6f66", "price_changes": [{"asset_id": "47095491075893964893538760255117389376159789121042722751357548754013031094277", "price": "0.94", "size": "3317.33", "side": "BUY", "hash": "df11384d1cbcf7167bf7604cbd4dd2e759cff5e2", "best_bid": "0.95", "best_ask": "0.96"}, {"asset_id": "52035147432985774092509040925165515760899062720939921734142361138587845236034", "price": "0.06", "size": "3317.33", "side": "SELL", "hash": "5a3efed307c5147ca0120c96fa2de4a516b43fde", "best_bid": "0.04", "best_ask": "0.05"}], "timestamp": "1769384651874", "event_type": "price_change"}}
{"_local_timestamp": "2026-01-25T23:44:32.614365+00:00", "data": {"market": "0xb215decbedd846168842f6e207f09bd5f50ce51d2191f238887d976ec21b6f66", "price_changes": [{"asset_id": "47095491075893964893538760255117389376159789121042722751357548754013031094277", "price": "0.29", "size": "139.65", "side": "BUY", "hash": "ebb60c5e1ccbe8e347d2425224ac6daf711ff96f", "best_bid": "0.95", "best_ask": "0.96"}, {"asset_id": "52035147432985774092509040925165515760899062720939921734142361138587845236034", "price": "0.71", "size": "139.65", "side": "SELL", "hash": "720d62923fbdec7135b964a8cab234b974f87d79", "best_bid": "0.04", "best_ask": "0.05"}], "timestamp": "1769384672293", "event_type": "price_change"}}
{"_local_timestamp": "2026-01-25T23:44:57.054169+00:00", "data": {"market": "0xb215decbedd846168842f6e207f09bd5f50ce51d2191f238887d976ec21b6f66", "price_changes": [{"asset_id": "52035147432985774092509040925165515760899062720939921734142361138587845236034", "price": "0.02", "size": "19917.05", "side": "BUY", "hash": "e1ac7ac01471794962246cd1d76d3f144d802ac1", "best_bid": "0.04", "best_ask": "0.05"}, {"asset_id": "47095491075893964893538760255117389376159789121042722751357548754013031094277", "price": "0.98", "size": "19917.05", "side": "SELL", "hash": "62383f2a54c310173f4fc184e84b7694bc87bec6", "best_bid": "0.95", "best_ask": "0.96"}], "timestamp": "1769384696918", "event_type": "price_change"}}
{"_local_timestamp": "2026-01-25T23:44:57.056807+00:00", "data": {"market": "0xb215decbedd846168842f6e207f09bd5f50ce51d2191f238887d976ec21b6f66", "price_changes": [{"asset_id": "47095491075893964893538760255117389376159789121042722751357548754013031094277", "price": "0.93", "size": "8595.92", "side": "BUY", "hash": "f95cdca917fd1b0310afbf3e80bdb4834258023b", "best_bid": "0.95", "best_ask": "0.96"}, {"asset_id": "52035147432985774092509040925165515760899062720939921734142361138587845236034", "price": "0.07", "size": "8595.92", "side": "SELL", "hash": "18e3193a9f01ce0b29e569a351bc38f46e252f69", "best_bid": "0.04", "best_ask": "0.05"}], "timestamp": "1769384696924", "event_type": "price_change"}}
{"_local_timestamp": "2026-01-25T23:44:57.859938+00:00", "data": {"market": "0xb215decbedd846168842f6e207f09bd5f50ce51d2191f238887d976ec21b6f66", "price_changes": [{"asset_id": "47095491075893964893538760255117389376159789121042722751357548754013031094277", "price": "0.28", "size": "0", "side": "BUY", "hash": "1936e5af1d93a731e50298e68c07e63084b4ce14", "best_bid": "0.95", "best_ask": "0.96"}, {"asset_id": "52035147432985774092509040925165515760899062720939921734142361138587845236034", "price": "0.72", "size": "0", "side": "SELL", "hash": "72b98ad67718bc9d5f61ea59e147a75ff3a4014e", "best_bid": "0.04", "best_ask": "0.05"}], "timestamp": "1769384697748", "event_type": "price_change"}}
{"_local_timestamp": "2026-01-25T23:44:57.860512+00:00", "data": {"market": "0xb215decbedd846168842f6e207f09bd5f50ce51d2191f238887d976ec21b6f66", "price_changes": [{"asset_id": "47095491075893964893538760255117389376159789121042722751357548754013031094277", "price": "0.25", "size": "0", "side": "BUY", "hash": "1936e5af1d93a731e50298e68c07e63084b4ce14", "best_bid": "0.95", "best_ask": "0.96"}, {"asset_id": "52035147432985774092509040925165515760899062720939921734142361138587845236034", "price": "0.75", "size": "0", "side": "SELL", "hash": "72b98ad67718bc9d5f61ea59e147a75ff3a4014e", "best_bid": "0.04", "best_ask": "0.05"}], "timestamp": "1769384697748", "event_type": "price_change"}}
{"_local_timestamp": "2026-01-25T23:44:58.433361+00:00", "data": {"market": "0xb215decbedd846168842f6e207f09bd5f50ce51d2191f238887d976ec21b6f66", "price_changes": [{"asset_id": "47095491075893964893538760255117389376159789121042722751357548754013031094277", "price": "0.29", "size": "189.65", "side": "BUY", "hash": "84ab3a414866908c67d52f1875b5ea14d17eb8d5", "best_bid": "0.95", "best_ask": "0.96"}, {"asset_id": "52035147432985774092509040925165515760899062720939921734142361138587845236034", "price": "0.71", "size": "189.65", "side": "SELL", "hash": "0ac548a9b02ae2c247142538fc931ebe74e87d39", "best_bid": "0.04", "best_ask": "0.05"}], "timestamp": "1769384698241", "event_type": "price_change"}}
{"_local_timestamp": "2026-01-25T23:44:58.476649+00:00", "data": {"market": "0xb215decbedd846168842f6e207f09bd5f50ce51d2191f238887d976ec21b6f66", "price_changes": [{"asset_id": "47095491075893964893538760255117389376159789121042722751357548754013031094277", "price": "0.24", "size": "932.66", "side": "BUY", "hash": "20e59f3cde99b1cd6f44ac3891782c46bca16280", "best_bid": "0.95", "best_ask": "0.96"}, {"asset_id": "52035147432985774092509040925165515760899062720939921734142361138587845236034", "price": "0.76", "size": "932.66", "side": "SELL", "hash": "110df0ebcfd030d79337cb6c2039cedea8beb47c", "best_bid": "0.04", "best_ask": "0.05"}], "timestamp": "1769384698258", "event_type": "price_change"}}
{"_local_timestamp": "2026-01-25T23:44:58.496534+00:00", "data": {"market": "0xb215decbedd846168842f6e207f09bd5f50ce51d2191f238887d976ec21b6f66", "price_changes": [{"asset_id": "47095491075893964893538760255117389376159789121042722751357548754013031094277", "price": "0.3", "size": "1400", "side": "BUY", "hash": "2080b77770f4da1b095e629ab7b7740bf27e0cb2", "best_bid": "0.95", "best_ask": "0.96"}, {"asset_id": "52035147432985774092509040925165515760899062720939921734142361138587845236034", "price": "0.7", "size": "1400", "side": "SELL", "hash": "54fed129b333c22ea08c7de4271ebfe9b6bd1407", "best_bid": "0.04", "best_ask": "0.05"}], "timestamp": "1769384698368", "event_type": "price_change"}}
{"_local_timestamp": "2026-01-25T23:45:10.804510+00:00", "data": {"market": "0xb215decbedd846168842f6e207f09bd5f50ce51d2191f238887d976ec21b6f66", "price_changes": [{"asset_id": "47095491075893964893538760255117389376159789121042722751357548754013031094277", "price": "0.93", "size": "8795.92", "side": "BUY", "hash": "8b9d87c78a144fe6c68c6b1c409bf5edf2d2f509", "best_bid": "0.95", "best_ask": "0.96"}, {"asset_id": "52035147432985774092509040925165515760899062720939921734142361138587845236034", "price": "0.07", "size": "8795.92", "side": "SELL", "hash": "87c89838b45f33fd55a7733b1325604fb67026f5", "best_bid": "0.04", "best_ask": "0.05"}], "timestamp": "1769384710735", "event_type": "price_change"}}
{"_local_timestamp": "2026-01-25T23:45:12.574443+00:00", "data": {"market": "0xb215decbedd846168842f6e207f09bd5f50ce51d2191f238887d976ec21b6f66", "price_changes": [{"asset_id": "52035147432985774092509040925165515760899062720939921734142361138587845236034", "price": "0.02", "size": "20117.05", "side": "BUY", "hash": "66f071a5aca8a41d813679bc8c0ec7a7dcc96343", "best_bid": "0.04", "best_ask": "0.05"}, {"asset_id": "47095491075893964893538760255117389376159789121042722751357548754013031094277", "price": "0.98", "size": "20117.05", "side": "SELL", "hash": "1601bb32ff1995ad7103e7679c22e44fd8f93d25", "best_bid": "0.95", "best_ask": "0.96"}], "timestamp": "1769384712510", "event_type": "price_change"}}
{"_local_timestamp": "2026-01-25T23:45:48.022918+00:00", "data": {"market": "0xb215decbedd846168842f6e207f09bd5f50ce51d2191f238887d976ec21b6f66", "price_changes": [{"asset_id": "47095491075893964893538760255117389376159789121042722751357548754013031094277", "price": "0.93", "size": "9595.92", "side": "BUY", "hash": "ca186b01d2193cdfde9d2ce3d389e2b21c5abccb", "best_bid": "0.95", "best_ask": "0.96"}, {"asset_id": "52035147432985774092509040925165515760899062720939921734142361138587845236034", "price": "0.07", "size": "9595.92", "side": "SELL", "hash": "4c68fed80ed8dbeb11f3615f8b98f748c307794e", "best_bid": "0.04", "best_ask": "0.05"}], "timestamp": "1769384747957", "event_type": "price_change"}}
{"_local_timestamp": "2026-01-25T23:46:03.530867+00:00", "data": {"market": "0xb215decbedd846168842f6e207f09bd5f50ce51d2191f238887d976ec21b6f66", "price_changes": [{"asset_id": "52035147432985774092509040925165515760899062720939921734142361138587845236034", "price": "0.08", "size": "2741.1", "side": "SELL", "hash": "fc8d48d3f00e7b5b5182188f130866c9299f836f", "best_bid": "0.04", "best_ask": "0.05"}, {"asset_id": "47095491075893964893538760255117389376159789121042722751357548754013031094277", "price": "0.92", "size": "2741.1", "side": "BUY", "hash": "b44d1d9865fabb0f5ce3fdd35147c2360ab1b5de", "best_bid": "0.95", "best_ask": "0.96"}], "timestamp": "1769384763457", "event_type": "price_change"}}
{"_local_timestamp": "2026-01-25T23:46:05.981302+00:00", "data": {"market": "0xb215decbedd846168842f6e207f09bd5f50ce51d2191f238887d976ec21b6f66", "price_changes": [{"asset_id": "52035147432985774092509040925165515760899062720939921734142361138587845236034", "price": "0.08", "size": "2833.51", "side": "SELL", "hash": "58f73014b925224bb506b3285e08f89dd06a9152", "best_bid": "0.04", "best_ask": "0.05"}, {"asset_id": "47095491075893964893538760255117389376159789121042722751357548754013031094277", "price": "0.92", "size": "2833.51", "side": "BUY", "hash": "0d7264c58dfcd844cd039d0597f849b759561c38", "best_bid": "0.95", "best_ask": "0.96"}], "timestamp": "1769384765906", "event_type": "price_change"}}
{"_local_timestamp": "2026-01-25T23:46:18.925943+00:00", "data": {"market": "0xb215decbedd846168842f6e207f09bd5f50ce51d2191f238887d976ec21b6f66", "price_changes": [{"asset_id": "47095491075893964893538760255117389376159789121042722751357548754013031094277", "price": "0.93", "size": "8795.92", "side": "BUY", "hash": "15677645773111f80a62fc363aaa55cb33f50178", "best_bid": "0.95", "best_ask": "0.96"}, {"asset_id": "52035147432985774092509040925165515760899062720939921734142361138587845236034", "price": "0.07", "size": "8795.92", "side": "SELL", "hash": "244a13c5ac51331e5c50c16b70e6f04ca17a4cc1", "best_bid": "0.04", "best_ask": "0.05"}], "timestamp": "1769384778861", "event_type": "price_change"}}
