{"_local_timestamp": "2026-01-25T23:33:25.837948+00:00", "data": [{"market": "0x47dae10c137aed5c59e42319fabd1501733b45208b724129620b614222cb3c9e", "asset_id": "87726306233867174895916877369821121775472954680372928690435002065237468144594", "timestamp": "1769384004280", "hash": "c57d847c2b9cd34c39923ab95734de7471cb07d5", "bids": [{"price": "0.01", "size": "9261.83"}, {"price": "0.02", "size": "3521"}, {"price": "0.03", "size": "11.05"}, {"price": "0.1", "size": "205.5"}, {"price": "0.11", "size": "364"}, {"price": "0.12", "size": "374.02"}, {"price": "0.15", "size": "200"}, {"price": "0.17", "size": "76.44"}, {"price": "0.18", "size": "112"}, {"price": "0.24", "size": "54.16"}, {"price": "0.25", "size": "58.44"}, {"price": "0.26", "size": "39"}, {"price": "0.29", "size": "71"}, {"price": "0.3", "size": "47"}, {"price": "0.31", "size": "17"}, {"price": "0.32", "size": "14.44"}], "asks": [{"price": "0.99", "size": "6760.83"}, {"price": "0.98", "size": "250"}, {"price": "0.97", "size": "4332.66"}, {"price": "0.96", "size": "9.82"}, {"price": "0.95", "size": "10"}, {"price": "0.94", "size": "8.31"}, {"price": "0.86", "size": "291.16"}, {"price": "0.84", "size": "150"}, {"price": "0.78", "size": "116.66"}, {"price": "0.74", "size": "10"}, {"price": "0.72", "size": "7"}, {"price": "0.65", "size": "28.29"}, {"price": "0.63", "size": "20"}, {"price": "0.62", "size": "34.21"}, {"price": "0.6", "size": "27.5"}, {"price": "0.58", "size": "96.66"}, {"price": "0.57", "size": "23"}], "event_type": "book", "last_trade_price": "0.360"}, {"market": "0x47dae10c137aed5c59e42319fabd1501733b45208b724129620b614222cb3c9e", "asset_id": "108259029989756390071753019240339637279033020549311423369246569675248825915713", "timestamp": "1769384004280", "hash": "f35149b8138b3c59e3f89a5ea1128290207a1d18", "bids": [{"price": "0.01", "size": "6760.83"}, {"price": "0.02", "size": "250"}, {"price": "0.03", "size": "4332.66"}, {"price": "0.04", "size": "9.82"}, {"price": "0.05", "size": "10"}, {"price": "0.06", "size": "8.31"}, {"price": "0.14", "size": "291.16"}, {"price": "0.16", "size": "150"}, {"price": "0.22", "size": "116.66"}, {"price": "0.26", "size": "10"}, {"price": "0.28", "size": "7"}, {"price": "0.35", "size": "28.29"}, {"price": "0.37", "size": "20"}, {"price": "0.38", "size": "34.21"}, {"price": "0.4", "size": "27.5"}, {"price": "0.42", "size": "96.66"}, {"price": "0.43", "size": "23"}], "asks": [{"price": "0.99", "size": "9261.83"}, {"price": "0.98", "size": "3521"}, {"price": "0.97", "size": "11.05"}, {"price": "0.9", "size": "205.5"}, {"price": "0.89", "size": "364"}, {"price": "0.88", "size": "374.02"}, {"price": "0.85", "size": "200"}, {"price": "0.83", "size": "76.44"}, {"price": "0.82", "size": "112"}, {"price": "0.76", "size": "54.16"}, {"price": "0.75", "size": "58.44"}, {"price": "0.74", "size": "39"}, {"price": "0.71", "size": "71"}, {"price": "0.7", "size": "47"}, {"price": "0.69", "size": "17"}, {"price": "0.68", "size": "14.44"}], "event_type": "book", "last_trade_price": "0.360"}]}
{"_local_timestamp": "2026-01-25T23:33:37.922994+00:00", "data": {"market": "0x47dae10c137aed5c59e42319fabd1501733b45208b724129620b614222cb3c9e", "price_changes": [{"asset_id": "108259029989756390071753019240339637279033020549311423369246569675248825915713", "price": "0.01", "size": "6750", "side": "BUY", "hash": "c7ba5287b680dd636fb0651116dcd96dbfb098d2", "best_bid": "0.43", "best_ask": "0.68"}, {"asset_id": "87726306233867174895916877369821121775472954680372928690435002065237468144594", "price": "0.99", "size": "6750", "side": "SELL", "hash": "67dc7835b39678c1a5b6dec0651a94acc11c82ba", "best_bid": "0.32", "best_ask": "0.57"}], "timestamp": "1769384017845", "event_type": "price_change"}}
{"_local_timestamp": "2026-01-25T23:33:38.272766+00:00", "data": {"market": "0x47dae10c137aed5c59e42319fabd1501733b45208b724129620b614222cb3c9e", "price_changes": [{"asset_id": "108259029989756390071753019240339637279033020549311423369246569675248825915713", "price": "0.01", "size": "6760.86", "side": "BUY", "hash": "f165cf2233b8b78cbaf58b9813e903e8f7aff393", "best_bid": "0.43", "best_ask": "0.68"}, {"asset_id": "87726306233867174895916877369821121775472954680372928690435002065237468144594", "price": "0.99", "size": "6760.86", "side": "SELL", "hash": "e16aa93a3383ad6be13f6f775c0bbcbdc1f4955d", "best_bid": "0.32", "best_ask": "0.57"}], "timestamp": "1769384018200", "event_type": "price_change"}}
{"_local_timestamp": "2026-01-25T23:33:38.351429+00:00", "data": {"market": "0x47dae10c137aed5c59e42319fabd1501733b45208b724129620b614222cb3c9e", "price_changes": [{"asset_id": "87726306233867174895916877369821121775472954680372928690435002065237468144594", "price": "0.1", "size": "200", "side": "BUY", "hash": "d09c2b05921da6d45e62cba8f8ff61e42c8c0d53", "best_bid": "0.32", "best_ask": "0.57"}, {"asset_id": "108259029989756390071753019240339637279033020549311423369246569675248825915713", "price": "0.9", "size": "200", "side": "SELL", "hash": "9b18bebd3b7f5eb18961c50f669b94169c8f3b01", "best_bid": "0.43", "best_ask": "0.68"}], "timestamp": "1769384018271", "event_type": "price_change"}}
{"_local_timestamp": "2026-01-25T23:33:38.709206+00:00", "data": {"market": "0x47dae10c137aed5c59e42319fabd1501733b45208b724129620b614222cb3c9e", "price_changes": [{"asset_id": "87726306233867174895916877369821121775472954680372928690435002065237468144594", "price": "0.03", "size": "29.39", "side": "BUY", "hash": "30ef6bda7e0016f1936076e55e2a7570ab32ab32", "best_bid": "0.32", "best_ask": "0.57"}, {"asset_id": "108259029989756390071753019240339637279033020549311423369246569675248825915713", "price": "0.97", "size": "29.39", "side": "SELL", "hash": "67acefede08915a70cc2761b43451692c05509dd", "best_bid": "0.43", "best_ask": "0.68"}], "timestamp": "1769384018635", "event_type": "price_change"}}
{"_local_timestamp": "2026-01-25T23:34:31.015827+00:00", "data": {"market": "0x47dae10c137aed5c59e42319fabd1501733b45208b724129620b614222cb3c9e", "price_changes": [{"asset_id": "108259029989756390071753019240339637279033020549311423369246569675248825915713", "price": "0.42", "size": "30", "side": "BUY", "hash": "c3e54083ffbe23a80a73807eab5c202827bd6b8c", "best_bid": "0.43", "best_ask": "0.68"}, {"asset_id": "87726306233867174895916877369821121775472954680372928690435002065237468144594", "price": "0.58", "size": "30", "side": "SELL", "hash": "11953975efdd7565ceb193cf5be2cbefff5e8987", "best_bid": "0.32", "best_ask": "0.57"}], "timestamp": "1769384070914", "event_type": "price_change"}}
{"_local_timestamp": "2026-01-25T23:34:31.019406+00:00", "data": {"market": "0x47dae10c137aed5c59e42319fabd1501733b45208b724129620b614222cb3c9e", "price_changes": [{"asset_id": "108259029989756390071753019240339637279033020549311423369246569675248825915713", "price": "0.22", "size": "50", "side": "BUY", "hash": "c3e54083ffbe23a80a73807eab5c202827bd6b8c", "best_bid": "0.43", "best_ask": "0.68"}, {"asset_id": "87726306233867174895916877369821121775472954680372928690435002065237468144594", "price": "0.78", "size": "50", "side": "SELL", "hash": "11953975efdd7565ceb193cf5be2cbefff5e8987", "best_bid": "0.32", "best_ask": "0.57"}], "timestamp": "1769384070914", "event_type": "price_change"}}
{"_local_timestamp": "2026-01-25T23:34:31.020646+00:00", "data": {"market": "0x47dae10c137aed5c59e42319fabd1501733b45208b724129620b614222cb3c9e", "price_changes": [{"asset_id": "108259029989756390071753019240339637279033020549311423369246569675248825915713", "price": "0.03", "size": "4266", "side": "BUY", "hash": "c3e54083ffbe23a80a73807eab5c202827bd6b8c", "best_bid": "0.43", "best_ask": "0.68"}, {"asset_id": "87726306233867174895916877369821121775472954680372928690435002065237468144594", "price": "0.97", "size": "4266", "side": "SELL", "hash": "11953975efdd7565ceb193cf5be2cbefff5e8987", "best_bid": "0.32", "best_ask": "0.57"}], "timestamp": "1769384070914", "event_type": "price_change"}}
{"_local_timestamp": "2026-01-25T23:34:31.409360+00:00", "data": {"market": "0x47dae10c137aed5c59e42319fabd1501733b45208b724129620b614222cb3c9e", "price_changes": [{"asset_id": "108259029989756390071753019240339637279033020549311423369246569675248825915713", "price": "0.42", "size": "0", "side": "BUY", "hash": "0e61099d76d8fe2296d4048a05fb9b2f3fb815f7", "best_bid": "0.43", "best_ask": "0.68"}, {"asset_id": "87726306233867174895916877369821121775472954680372928690435002065237468144594", "price": "0.58", "size": "0", "side": "SELL", "hash": "a6321aff6acf6f7b9df505c03189e921ce829b22", "best_bid": "0.32", "best_ask": "0.57"}], "timestamp": "1769384071344", "event_type": "price_change"}}
{"_local_timestamp": "2026-01-25T23:34:31.457544+00:00", "data": {"market": "0x47dae10c137aed5c59e42319fabd1501733b45208b724129620b614222cb3c9e", "price_changes": [{"asset_id": "108259029989756390071753019240339637279033020549311423369246569675248825915713", "price": "0.16", "size": "180", "side": "BUY", "hash": "ccb9e4959b8bf6aae127fbb98ed691f6050b7fd7", "best_bid": "0.43", "best_ask": "0.68"}, {"asset_id": "87726306233867174895916877369821121775472954680372928690435002065237468144594", "price": "0.84", "size": "180", "side": "SELL", "hash": "912ebfdf97ae053fa74bc18214b8be015f552de6", "best_bid": "0.32", "best_ask": "0.57"}], "timestamp": "1769384071393", "event_type": "price_change"}}
{"_local_timestamp": "2026-01-25T23:34:31.489984+00:00", "data": {"market": "0x47dae10c137aed5c59e42319fabd1501733b45208b724129620b614222cb3c9e", "price_changes": [{"asset_id": "108259029989756390071753019240339637279033020549311423369246569675248825915713", "price": "0.44", "size": "66.66", "side": "BUY", "hash": "e966d9c05d3b7080aa1dac17778f7e83f453f274", "best_bid": "0.44", "best_ask": "0.68"}, {"asset_id": "87726306233867174895916877369821121775472954680372928690435002065237468144594", "price": "0.56", "size": "66.66", "side": "SELL", "hash": "459fb0f63df8f5e1b5c4937e0612a065be9328d0", "best_bid": "0.32", "best_ask": "0.56"}], "timestamp": "1769384071422", "event_type": "price_change"}}
{"_local_timestamp": "2026-01-25T23:34:31.577454+00:00", "data": {"market": "0x47dae10c137aed5c59e42319fabd1501733b45208b724129620b614222cb3c9e", "price_changes": [{"asset_id": "108259029989756390071753019240339637279033020549311423369246569675248825915713", "price": "0.14", "size": "357.82", "side": "BUY", "hash": "5bcb019bfd2476c2b07df817a9fbceff49adcc18", "best_bid": "0.44", "best_ask": "0.68"}, {"asset_id": "87726306233867174895916877369821121775472954680372928690435002065237468144594", "price": "0.86", "size": "357.82", "side": "SELL", "hash": "21f6c05efd627dfe9a15a305bdf67d3649cdab95", "best_bid": "0.32", "best_ask": "0.56"}], "timestamp": "1769384071508", "event_type": "price_change"}}
{"_local_timestamp": "2026-01-25T23:34:31.653053+00:00", "data": {"market": "0x47dae10c137aed5c59e42319fabd1501733b45208b724129620b614222cb3c9e", "price_changes": [{"asset_id": "108259029989756390071753019240339637279033020549311423369246569675248825915713", "price": "0.29", "size": "66.66", "side": "BUY", "hash": "32dae72e5c24bccdd472b8e8c2b122a4697761c1", "best_bid": "0.44", "best_ask": "0.68"}, {"asset_id": "87726306233867174895916877369821121775472954680372928690435002065237468144594", "price": "0.71", "size": "66.66", "side": "SELL", "hash": "26f2794a5304c64c0ca958415e21a0307901e7c7", "best_bid": "0.32", "best_ask": "0.56"}], "timestamp": "1769384071579", "event_type": "price_change"}}
{"_local_timestamp": "2026-01-25T23:34:33.303206+00:00", "data": {"market": "0x47dae10c137aed5c59e42319fabd1501733b45208b724129620b614222cb3c9e", "price_changes": [{"asset_id": "108259029989756390071753019240339637279033020549311423369246569675248825915713", "price": "0.16", "size": "150", "side": "BUY", "hash": "7d19a2b4e327f11a1e63fa0fb158176a602a833f", "best_bid": "0.44", "best_ask": "0.68"}, {"asset_id": "87726306233867174895916877369821121775472954680372928690435002065237468144594", "price": "0.84", "size": "150", "side": "SELL", "hash": "d4b185d96b414245cc573c02c331995d3c0a38ba", "best_bid": "0.32", "best_ask": "0.56"}], "timestamp": "1769384073233", "event_type": "price_change"}}
{"_local_timestamp": "2026-01-25T23:34:39.236351+00:00", "data": {"market": "0x47dae10c137aed5c59e42319fabd1501733b45208b724129620b614222cb3c9e", "price_changes": [{"asset_id": "108259029989756390071753019240339637279033020549311423369246569675248825915713", "price": "0.01", "size": "6750", "side": "BUY", "hash": "bc136e85702b31408ce9174c20ca6ca6e6683d87", "best_bid": "0.44", "best_ask": "0.68"}, {"asset_id": "87726306233867174895916877369821121775472954680372928690435002065237468144594", "price": "0.99", "size": "6750", "side": "SELL", "hash": "b001c81f095a694d427ee688504db916f9bba497", "best_bid": "0.32", "best_ask": "0.56"}], "timestamp": "1769384079135", "event_type": "price_change"}}
{"_local_timestamp": "2026-01-25T23:34:40.502775+00:00", "data": {"market": "0x47dae10c137aed5c59e42319fabd1501733b45208b724129620b614222cb3c9e", "price_changes": [{"asset_id": "108259029989756390071753019240339637279033020549311423369246569675248825915713", "price": "0.01", "size": "6760.86", "side": "BUY", "hash": "0f5b351d6dda927e87ca7b039458fa36cee6c8d3", "best_bid": "0.44", "best_ask": "0.68"}, {"asset_id": "87726306233867174895916877369821121775472954680372928690435002065237468144594", "price": "0.99", "size": "6760.86", "side": "SELL", "hash": "3e224c8218853de6ac5e26f4c6c9a4a657f4c1c2", "best_bid": "0.32", "best_ask": "0.56"}], "timestamp": "1769384080281", "event_type": "price_change"}}
{"_local_timestamp": "2026-01-25T23:34:48.549552+00:00", "data": {"market": "0x47dae10c137aed5c59e42319fabd1501733b45208b724129620b614222cb3c9e", "price_changes": [{"asset_id": "108259029989756390071753019240339637279033020549311423369246569675248825915713", "price": "0.01", "size": "4760.86", "side": "BUY", "hash": "b138c813449bbea61432c9aeceed91c27d601089", "best_bid": "0.44", "best_ask": "0.68"}, {"asset_id": "87726306233867174895916877369821121775472954680372928690435002065237468144594", "price": "0.99", "size": "4760.86", "side": "SELL", "hash": "efcedec3ba457b48d6b512284db59ef1433c478b", "best_bid": "0.32", "best_ask": "0.56"}], "timestamp": "1769384088478", "event_type": "price_change"}}
{"_local_timestamp": "2026-01-25T23:34:58.179271+00:00", "data": {"market": "0x47dae10c137aed5c59e42319fabd1501733b45208b724129620b614222cb3c9e", "price_changes": [{"asset_id": "108259029989756390071753019240339637279033020549311423369246569675248825915713", "price": "0.01", "size": "3760.86", "side": "BUY", "hash": "0bc252119c958fbf6cb1da61f9b78cf884b66cbb", "best_bid": "0.44", "best_ask": "0.68"}, {"asset_id": "87726306233867174895916877369821121775472954680372928690435002065237468144594", "price": "0.99", "size": "3760.86", "side": "SELL", "hash": "5e00f921c883c8a4043a4f55e197fc20c0bc3b40", "best_bid": "0.32", "best_ask": "0.56"}], "timestamp": "1769384098106", "event_type": "price_change"}}
{"_local_timestamp": "2026-01-25T23:35:18.237369+00:00", "data": {"market": "0x47dae10c137aed5c59e42319fabd1501733b45208b724129620b614222cb3c9e", "price_changes": [{"asset_id": "87726306233867174895916877369821121775472954680372928690435002065237468144594", "price": "0.57", "size": "0", "side": "SELL", "hash": "64105d3159fd015364a5493fc268fcb19e71fec3", "best_bid": "0.32", "best_ask": "0.56"}, {"asset_id": "108259029989756390071753019240339637279033020549311423369246569675248825915713", "price": "0.43", "size": "0", "side": "BUY", "hash": "6b8aec01057af5b0dec5dd3df313ae92b84bd025", "best_bid": "0.44", "best_ask": "0.68"}], "timestamp": "1769384118163", "event_type": "price_change"}}
{"_local_timestamp": "2026-01-25T23:35:18.874048+00:00", "data": {"market": "0x47dae10c137aed5c59e42319fabd1501733b45208b724129620b614222cb3c9e", "price_changes": [{"asset_id": "87726306233867174895916877369821121775472954680372928690435002065237468144594", "price": "0.55", "size": "23", "side": "SELL", "hash": "4515c0cbc84d03c5dd630d47d53aaa5977ce2be5", "best_bid": "0.32", "best_ask": "0.55"}, {"asset_id": "108259029989756390071753019240339637279033020549311423369246569675248825915713", "price": "0.45", "size": "23", "side": "BUY", "hash": "1f22c06dd2b4a26b308a9c1016cc4521aa34478e", "best_bid": "0.45", "best_ask": "0.68"}], "timestamp": "1769384118811", "event_type": "price_change"}}
{"_local_timestamp": "2026-01-25T23:35:30.798663+00:00", "data": {"market": "0x47dae10c137aed5c59e42319fabd1501733b45208b724129620b614222cb3c9e", "price_changes": [{"asset_id": "108259029989756390071753019240339637279033020549311423369246569675248825915713", "price": "0.01", "size": "1260.86", "side": "BUY", "hash": "aff2ee56070bdcce9cd3ec777059fe9e8820580c", "best_bid": "0.45", "best_ask": "0.68"}, {"asset_id": "87726306233867174895916877369821121775472954680372928690435002065237468144594", "price": "0.99", "size": "1260.86", "side": "SELL", "hash": "a3a2c3a4bfe115a61beac0cec57d4830eddcc233", "best_bid": "0.32", "best_ask": "0.55"}], "timestamp": "1769384130719", "event_type": "price_change"}}
{"_local_timestamp": "2026-01-25T23:35:57.075632+00:00", "data": {"market": "0x47dae10c137aed5c59e42319fabd1501733b45208b724129620b614222cb3c9e", "price_changes": [{"asset_id": "87726306233867174895916877369821121775472954680372928690435002065237468144594", "price": "0.26", "size": "0", "side": "BUY", "hash": "73437674b0d50116779ccd70fdc5a6e7196ba4f8", "best_bid": "0.32", "best_ask": "0.55"}, {"asset_id": "108259029989756390071753019240339637279033020549311423369246569675248825915713", "price": "0.74", "size": "0", "side": "SELL", "hash": "32ce844eb70debc7c222c8f898d8c00d3a84974a", "best_bid": "0.45", "best_ask": "0.68"}], "timestamp": "1769384157000", "event_type": "price_change"}}
{"_local_timestamp": "2026-01-25T23:35:57.082977+00:00", "data": {"market": "0x47dae10c137aed5c59e42319fabd1501733b45208b724129620b614222cb3c9e", "price_changes": [{"asset_id": "87726306233867174895916877369821121775472954680372928690435002065237468144594", "price": "0.11", "size": "0", "side": "BUY", "hash": "194e9f1cc910a1853eadea8a88f2cb4b2d912413", "best_bid": "0.32", "best_ask": "0.55"}, {"asset_id": "108259029989756390071753019240339637279033020549311423369246569675248825915713", "price": "0.89", "size": "0", "side": "SELL", "hash": "ee603f18680cf7de9cc83bff70efe98ca6b66c05", "best_bid": "0.45", "best_ask": "0.68"}], "timestamp": "1769384157001", "event_type": "price_change"}}
{"_local_timestamp": "2026-01-25T23:35:57.089562+00:00", "data": {"market": "0x47dae10c137aed5c59e42319fabd1501733b45208b724129620b614222cb3c9e", "price_changes": [{"asset_id": "87726306233867174895916877369821121775472954680372928690435002065237468144594", "price": "0.01", "size": "1261.83", "side": "BUY", "hash": "780b927a2e9a84bb60acd5133a6765fd5e6b80e3", "best_bid": "0.32", "best_ask": "0.55"}, {"asset_id": "108259029989756390071753019240339637279033020549311423369246569675248825915713", "price": "0.99", "size": "1261.83", "side": "SELL", "hash": "cf03489ded0c8a6b32a5b21204c5d81df6edae98", "best_bid": "0.45", "best_ask": "0.68"}], "timestamp": "1769384157002", "event_type": "price_change"}}
{"_local_timestamp": "2026-01-25T23:36:14.355558+00:00", "data": {"market": "0x47dae10c137aed5c59e42319fabd1501733b45208b724129620b614222cb3c9e", "price_changes": [{"asset_id": "87726306233867174895916877369821121775472954680372928690435002065237468144594", "price": "0.11", "size": "364", "side": "BUY", "hash": "c20d63a61c4a3f9fa305753a63a6dfe0382c1677", "best_bid": "0.32", "best_ask": "0.55"}, {"asset_id": "108259029989756390071753019240339637279033020549311423369246569675248825915713", "price": "0.89", "size": "364", "side": "SELL", "hash": "750cbe2f878badf3f918142109c969a7b3839341", "best_bid": "0.45", "best_ask": "0.68"}], "timestamp": "1769384174288", "event_type": "price_change"}}
{"_local_timestamp": "2026-01-25T23:36:14.356205+00:00", "data": {"market": "0x47dae10c137aed5c59e42319fabd1501733b45208b724129620b614222cb3c9e", "price_changes": [{"asset_id": "87726306233867174895916877369821121775472954680372928690435002065237468144594", "price": "0.26", "size": "39", "side": "BUY", "hash": "a7c306efcc0d327cc646d03a309958bd501537bf", "best_bid": "0.32", "best_ask": "0.55"}, {"asset_id": "108259029989756390071753019240339637279033020549311423369246569675248825915713", "price": "0.74", "size": "39", "side": "SELL", "hash": "ee12ba74bd232c05c58e3084d021b395b1abdef2", "best_bid": "0.45", "best_ask": "0.68"}], "timestamp": "1769384174291", "event_type": "price_change"}}
{"_local_timestamp": "2026-01-25T23:36:14.357819+00:00", "data": {"market": "0x47dae10c137aed5c59e42319fabd1501733b45208b724129620b614222cb3c9e", "price_changes": [{"asset_id": "87726306233867174895916877369821121775472954680372928690435002065237468144594", "price": "0.01", "size": "9261.83", "side": "BUY", "hash": "d8fae0373f0ab28f943760235d31a2fa614fa3e7", "best_bid": "0.32", "best_ask": "0.55"}, {"asset_id": "108259029989756390071753019240339637279033020549311423369246569675248825915713", "price": "0.99", "size": "9261.83", "side": "SELL", "hash": "4a07ed9a79b042a88f4aa37cce4842be24491126", "best_bid": "0.45", "best_ask": "0.68"}], "timestamp": "1769384174294", "event_type": "price_change"}}
{"_local_timestamp": "2026-01-25T23:36:56.157794+00:00", "data": {"market": "0x47dae10c137aed5c59e42319fabd1501733b45208b724129620b614222cb3c9e", "price_changes": [{"asset_id": "108259029989756390071753019240339637279033020549311423369246569675248825915713", "price": "0.03", "size": "4566", "side": "BUY", "hash": "f9e21f6fb119a67495250a49457fe3de7dac94c0", "best_bid": "0.45", "best_ask": "0.68"}, {"asset_id": "87726306233867174895916877369821121775472954680372928690435002065237468144594", "price": "0.97", "size": "4566", "side": "SELL", "hash": "e888ea16df2c9513cf573501a51ef646b7baae3a", "best_bid": "0.32", "best_ask": "0.55"}], "timestamp": "1769384215684", "event_type": "price_change"}}
{"_local_timestamp": "2026-01-25T23:36:57.442351+00:00", "data": {"market": "0x47dae10c137aed5c59e42319fabd1501733b45208b724129620b614222cb3c9e", "price_changes": [{"asset_id": "108259029989756390071753019240339637279033020549311423369246569675248825915713", "price": "0.22", "size": "0", "side": "BUY", "hash": "5eb226d3856927be7cef280267e97c349068aa6c", "best_bid": "0.45", "best_ask": "0.68"}, {"asset_id": "87726306233867174895916877369821121775472954680372928690435002065237468144594", "price": "0.78", "size": "0", "side": "SELL", "hash": "57be40c2e79a78f73fcb0778d32cd4d250bf2a42", "best_bid": "0.32", "best_ask": "0.55"}], "timestamp": "1769384217219", "event_type": "price_change"}}
{"_local_timestamp": "2026-01-25T23:36:57.774550+00:00", "data": {"market": "0x47dae10c137aed5c59e42319fabd1501733b45208b724129620b614222cb3c9e", "price_changes": [{"asset_id": "87726306233867174895916877369821121775472954680372928690435002065237468144594", "price": "0.17", "size": "14.44", "side": "BUY", "hash": "4ae9783f04e9213338459d6d8b671945911df77d", "best_bid": "0.32", "best_ask": "0.55"}, {"asset_id": "108259029989756390071753019240339637279033020549311423369246569675248825915713", "price": "0.83", "size": "14.44", "side": "SELL", "hash": "23ed314ec8df5f49f863005e72d52ba598d8a3b4", "best_bid": "0.45", "best_ask": "0.68"}], "timestamp": "1769384217237", "event_type": "price_change"}}
{"_local_timestamp": "2026-01-25T23:37:03.336734+00:00", "data": {"market": "0x47dae10c137aed5c59e42319fabd1501733b45208b724129620b614222cb3c9e", "price_changes": [{"asset_id": "87726306233867174895916877369821121775472954680372928690435002065237468144594", "price": "0.18", "size": "0", "side": "BUY", "hash": "568310bd1bdca7fbee43bb2469f5f58dd436ee70", "best_bid": "0.32", "best_ask": "0.55"}, {"asset_id": "108259029989756390071753019240339637279033020549311423369246569675248825915713", "price": "0.82", "size": "0", "side": "SELL", "hash": "7d9c4413bd184e85ccf0758183430e535cf0bac4", "best_bid": "0.45", "best_ask": "0.68"}], "timestamp": "1769384223174", "event_type": "price_change"}}
{"_local_timestamp": "2026-01-25T23:37:03.346060+00:00", "data": {"market": "0x47dae10c137aed5c59e42319fabd1501733b45208b724129620b614222cb3c9e", "price_changes": [{"asset_id": "87726306233867174895916877369821121775472954680372928690435002065237468144594", "price": "0.16", "size": "125", "side": "BUY", "hash": "0bb78d8e53441b0588f3c9ea09f41fb49d27ea09", "best_bid": "0.32", "best_ask": "0.55"}, {"asset_id": "108259029989756390071753019240339637279033020549311423369246569675248825915713", "price": "0.84", "size": "125", "side": "SELL", "hash": "2c6f3cf9864745a62ff43892f7245a79ed69c280", "best_bid": "0.45", "best_ask": "0.68"}], "timestamp": "1769384223180", "event_type": "price_change"}}
{"_local_timestamp": "2026-01-25T23:37:11.055643+00:00", "data": {"market": "0x47dae10c137aed5c59e42319fabd1501733b45208b724129620b614222cb3c9e", "price_changes": [{"asset_id": "108259029989756390071753019240339637279033020549311423369246569675248825915713", "price": "0.17", "size": "75", "side": "BUY", "hash": "3c7f2addc94cc4cc01e50058c50e64ff76ed379b", "best_bid": "0.45", "best_ask": "0.68"}, {"asset_id": "87726306233867174895916877369821121775472954680372928690435002065237468144594", "price": "0.83", "size": "75", "side": "SELL", "hash": "593188b404e23818c08e98f69f6c5d7d26b070f5", "best_bid": "0.32", "best_ask": "0.55"}], "timestamp": "1769384230968", "event_type": "price_change"}}
{"_local_timestamp": "2026-01-25T23:37:11.064371+00:00", "data": {"market": "0x47dae10c137aed5c59e42319fabd1501733b45208b724129620b614222cb3c9e", "price_changes": [{"asset_id": "87726306233867174895916877369821121775472954680372928690435002065237468144594", "price": "0.13", "size": "187", "side": "BUY", "hash": "03b042b8c747861e8d27e9accaeadecce735ed2c", "best_bid": "0.32", "best_ask": "0.55"}, {"asset_id": "108259029989756390071753019240339637279033020549311423369246569675248825915713", "price": "0.87", "size": "187", "side": "SELL", "hash": "e5ea6acd15ce107fb8c55e43ad072381e0bc78aa", "best_bid": "0.45", "best_ask": "0.68"}], "timestamp": "1769384230970", "event_type": "price_change"}}
{"_local_timestamp": "2026-01-25T23:37:14.313373+00:00", "data": {"market": "0x47dae10c137aed5c59e42319fabd1501733b45208b724129620b614222cb3c9e", "price_changes": [{"asset_id": "108259029989756390071753019240339637279033020549311423369246569675248825915713", "price": "0.44", "size": "0", "side": "BUY", "hash": "60b88376c7acaa163c34942c3b2b4e418bad58b3", "best_bid": "0.45", "best_ask": "0.68"}, {"asset_id": "87726306233867174895916877369821121775472954680372928690435002065237468144594", "price": "0.56", "size": "0", "side": "SELL", "hash": "7b34612226b5101dc34f7b1ddff07b585373a2af", "best_bid": "0.32", "best_ask": "0.55"}], "timestamp": "1769384234240", "event_type": "price_change"}}
{"_local_timestamp": "2026-01-25T23:37:14.853167+00:00", "data": {"market": "0x47dae10c137aed5c59e42319fabd1501733b45208b724129620b614222cb3c9e", "price_changes": [{"asset_id": "108259029989756390071753019240339637279033020549311423369246569675248825915713", "price": "0.46", "size": "66.66", "side": "BUY", "hash": "00c74968eaa9c932f83c210ecba1519cd7c84bd1", "best_bid": "0.46", "best_ask": "0.68"}, {"asset_id": "87726306233867174895916877369821121775472954680372928690435002065237468144594", "price": "0.54", "size": "66.66", "side": "SELL", "hash": "f0608bc2877e38a1d59b26ef4e82f5ce82efdd46", "best_bid": "0.32", "best_ask": "0.54"}], "timestamp": "1769384234781", "event_type": "price_change"}}
{"_local_timestamp": "2026-01-25T23:37:18.102049+00:00", "data": {"market": "0x47dae10c137aed5c59e42319fabd1501733b45208b724129620b614222cb3c9e", "price_changes": [{"asset_id": "87726306233867174895916877369821121775472954680372928690435002065237468144594", "price": "0.55", "size": "0", "side": "SELL", "hash": "846e8ed99f50cb2b471dbe54a136cd46f09655de", "best_bid": "0.32", "best_ask": "0.54"}, {"asset_id": "108259029989756390071753019240339637279033020549311423369246569675248825915713", "price": "0.45", "size": "0", "side": "BUY", "hash": "08b4340d138a34f06aafccf7edc828a51c335d0f", "best_bid": "0.46", "best_ask": "0.68"}], "timestamp": "1769384238012", "event_type": "price_change"}}
{"_local_timestamp": "2026-01-25T23:37:18.841852+00:00", "data": {"market": "0x47dae10c137aed5c59e42319fabd1501733b45208b724129620b614222cb3c9e", "price_changes": [{"asset_id": "87726306233867174895916877369821121775472954680372928690435002065237468144594", "price": "0.53", "size": "23", "side": "SELL", "hash": "5f7f666993859ff1505f6f7302c9466d8977eafe", "best_bid": "0.32", "best_ask": "0.53"}, {"asset_id": "108259029989756390071753019240339637279033020549311423369246569675248825915713", "price": "0.47", "size": "23", "side": "BUY", "hash": "6a59fbf4499d1747b6e6de2da9d402c8e73d1a00", "best_bid": "0.47", "best_ask": "0.68"}], "timestamp": "1769384238765", "event_type": "price_change"}}
{"_local_timestamp": "2026-01-25T23:37:32.965190+00:00", "data": {"market": "0x47dae10c137aed5c59e42319fabd1501733b45208b724129620b614222cb3c9e", "price_changes": [{"asset_id": "108259029989756390071753019240339637279033020549311423369246569675248825915713", "price": "0.03", "size": "4966", "side": "BUY", "hash": "82c5595b09e13e4c7114c0bc4f5e6a113f92cf44", "best_bid": "0.47", "best_ask": "0.68"}, {"asset_id": "87726306233867174895916877369821121775472954680372928690435002065237468144594", "price": "0.97", "size": "4966", "side": "SELL", "hash": "b310d7c112c28ac7fac1755b977a52451e1a19c7", "best_bid": "0.32", "best_ask": "0.53"}], "timestamp": "1769384252869", "event_type": "price_change"}}
{"_local_timestamp": "2026-01-25T23:37:33.091669+00:00", "data": {"market": "0x47dae10c137aed5c59e42319fabd1501733b45208b724129620b614222cb3c9e", "price_changes": [{"asset_id": "108259029989756390071753019240339637279033020549311423369246569675248825915713", "price": "0.01", "size": "2260.86", "side": "BUY", "hash": "7b3002d3c834ec47d676c015355253d91fef1b84", "best_bid": "0.47", "best_ask": "0.68"}, {"asset_id": "87726306233867174895916877369821121775472954680372928690435002065237468144594", "price": "0.99", "size": "2260.86", "side": "SELL", "hash": "660b2a9ffac84ec2850373aad893a842aa2d7e51", "best_bid": "0.32", "best_ask": "0.53"}], "timestamp": "1769384252892", "event_type": "price_change"}}
{"_local_timestamp": "2026-01-25T23:38:03.747112+00:00", "data": {"market": "0x47dae10c137aed5c59e42319fabd1501733b45208b724129620b614222cb3c9e", "price_changes": [{"asset_id": "108259029989756390071753019240339637279033020549311423369246569675248825915713", "price": "0.16", "size": "0", "side": "BUY", "hash": "a59e3c0a8450c775733a6551143aa4309eeba0a7", "best_bid": "0.47", "best_ask": "0.68"}, {"asset_id": "87726306233867174895916877369821121775472954680372928690435002065237468144594", "price": "0.84", "size": "0", "side": "SELL", "hash": "130edd00b15bbbe89f875177967a6365e7ba7593", "best_bid": "0.32", "best_ask": "0.53"}], "timestamp": "1769384283679", "event_type": "price_change"}}
{"_local_timestamp": "2026-01-25T23:38:04.027729+00:00", "data": {"market": "0x47dae10c137aed5c59e42319fabd1501733b45208b724129620b614222cb3c9e", "price_changes": [{"asset_id": "108259029989756390071753019240339637279033020549311423369246569675248825915713", "price": "0.17", "size": "225", "side": "BUY", "hash": "ac17659b1babbf50fc59e8975486ce87c5eb712e", "best_bid": "0.47", "best_ask": "0.68"}, {"asset_id": "87726306233867174895916877369821121775472954680372928690435002065237468144594", "price": "0.83", "size": "225", "side": "SELL", "hash": "b888ce49eedf8bfdceff216dcee00d476e45d5bc", "best_bid": "0.32", "best_ask": "0.53"}], "timestamp": "1769384283935", "event_type": "price_change"}}
{"_local_timestamp": "2026-01-25T23:38:04.029643+00:00", "data": {"market": "0x47dae10c137aed5c59e42319fabd1501733b45208b724129620b614222cb3c9e", "price_changes": [{"asset_id": "108259029989756390071753019240339637279033020549311423369246569675248825915713", "price": "0.21", "size": "100", "side": "BUY", "hash": "ae820a733a1c2e024691bd904dad357cb09ad053", "best_bid": "0.47", "best_ask": "0.68"}, {"asset_id": "87726306233867174895916877369821121775472954680372928690435002065237468144594", "price": "0.79", "size": "100", "side": "SELL", "hash": "fb3fa0c2668fb0d92cb6857db1886e786cad758b", "best_bid": "0.32", "best_ask": "0.53"}], "timestamp": "1769384283945", "event_type": "price_change"}}
{"_local_timestamp": "2026-01-25T23:38:16.826868+00:00", "data": {"market": "0x47dae10c137aed5c59e42319fabd1501733b45208b724129620b614222cb3c9e", "price_changes": [{"asset_id": "108259029989756390071753019240339637279033020549311423369246569675248825915713", "price": "0.01", "size": "1260.86", "side": "BUY", "hash": "41a0b98cfb26f4d7b04e3f2ea30c83ec6771b0c0", "best_bid": "0.47", "best_ask": "0.68"}, {"asset_id": "87726306233867174895916877369821121775472954680372928690435002065237468144594", "price": "0.99", "size": "1260.86", "side": "SELL", "hash": "b2aea83f2d4c92fbfca6c7c093991e769de55f21", "best_bid": "0.32", "best_ask": "0.53"}], "timestamp": "1769384296749", "event_type": "price_change"}}
{"_local_timestamp": "2026-01-25T23:38:26.435781+00:00", "data": {"market": "0x47dae10c137aed5c59e42319fabd1501733b45208b724129620b614222cb3c9e", "price_changes": [{"asset_id": "108259029989756390071753019240339637279033020549311423369246569675248825915713", "price": "0.01", "size": "3260.86", "side": "BUY", "hash": "4bfcdd5f8f044f6f73f2e80468c117e777b1dff7", "best_bid": "0.47", "best_ask": "0.68"}, {"asset_id": "87726306233867174895916877369821121775472954680372928690435002065237468144594", "price": "0.99", "size": "3260.86", "side": "SELL", "hash": "105794370193582887906681327ae86f698bfaf9", "best_bid": "0.32", "best_ask": "0.53"}], "timestamp": "1769384306360", "event_type": "price_change"}}
