{"_local_timestamp": "2026-01-25T23:41:25.661660+00:00", "data": [{"market": "0x5174a9d6b3e8155b9a44aa8de0905a67346a4058add117c2a559f2ab4499c951", "asset_id": "77786790982901456516273852304001584894306488490015587137460763704367261345662", "timestamp": "1769384457004", "hash": "93fa031bc68bb279e59f120e49ddca4eafe15754", "bids": [{"price": "0.01", "size": "50"}, {"price": "0.03", "size": "100"}, {"price": "0.08", "size": "100"}, {"price": "0.36", "size": "2122"}, {"price": "0.39", "size": "1693.25"}, {"price": "0.42", "size": "1283.75"}, {"price": "0.45", "size": "888.12"}, {"price": "0.48", "size": "502.5"}, {"price": "0.49", "size": "501"}, {"price": "0.5", "size": "500"}, {"price": "0.78", "size": "337"}], "asks": [{"price": "0.99", "size": "50"}, {"price": "0.98", "size": "12016"}, {"price": "0.95", "size": "4631.25"}, {"price": "0.92", "size": "2577.5"}, {"price": "0.89", "size": "1491"}, {"price": "0.86", "size": "750.5"}, {"price": "0.85", "size": "726"}, {"price": "0.84", "size": "1173"}, {"price": "0.82", "size": "976"}], "event_type": "book", "last_trade_price": "0.180"}, {"market": "0x8bdbcf5715eb48ed8803768ab21e4db3246c64267634c82b5e3812d561d707d7", "asset_id": "16663163941085251593578010689050492944865172707890663934443421773484005207786", "timestamp": "1769384408852", "hash": "8280b71d68960ec5c4448885ef052252b414d2e3", "bids": [{"price": "0.01", "size": "50"}, {"price": "0.03", "size": "100"}, {"price": "0.21", "size": "2510"}, {"price": "0.24", "size": "1941.88"}, {"price": "0.27", "size": "1436.25"}, {"price": "0.3", "size": "973.88"}, {"price": "0.33", "size": "542"}, {"price": "0.34", "size": "537.99"}, {"price": "0.35", "size": "2034"}, {"price": "0.36", "size": "14"}], "asks": [{"price": "0.99", "size": "50"}, {"price": "0.97", "size": "100"}, {"price": "0.92", "size": "100"}, {"price": "0.86", "size": "50"}, {"price": "0.8", "size": "200"}, {"price": "0.73", "size": "200"}, {"price": "0.64", "size": "2122"}, {"price": "0.61", "size": "1693.25"}, {"price": "0.58", "size": "1283.75"}, {"price": "0.55", "size": "888.12"}, {"price": "0.52", "size": "502.5"}, {"price": "0.51", "size": "501"}, {"price": "0.5", "size": "1250"}, {"price": "0.4", "size": "1313"}], "event_type": "book", "last_trade_price": "0.340"}, {"market": "0x4e76fef47a05e800e62f539884364ef80472890c730c9cf79c51a70794449362", "asset_id": "108641295183183106624696695057021606432386074396188626559802772404474930015052", "timestamp": "1769384457003", "hash": "5ba64ddc030147addf071c6e8e13bc55302ff037", "bids": [{"price": "0.01", "size": "50"}, {"price": "0.07", "size": "4498"}, {"price": "0.1", "size": "2925"}, {"price": "0.13", "size": "1947.5"}, {"price": "0.16", "size": "1232"}, {"price": "0.19", "size": "653.5"}, {"price": "0.2", "size": "1578"}, {"price": "0.21", "size": "1622.5"}], "asks": [{"price": "0.99", "size": "50"}, {"price": "0.97", "size": "100"}, {"price": "0.92", "size": "100"}, {"price": "0.64", "size": "2122"}, {"price": "0.61", "size": "1693.25"}, {"price": "0.58", "size": "1283.75"}, {"price": "0.55", "size": "888.12"}, {"price": "0.52", "size": "502.5"}, {"price": "0.51", "size": "501"}, {"price": "0.5", "size": "500"}, {"price": "0.25", "size": "700"}, {"price": "0.24", "size": "849.07"}], "event_type": "book", "last_trade_price": "0.210"}, {"market": "0xb06fca095458ade6510362ac05c2aaad16b7a4f3fe009ef22f48120a4fd1bf02", "asset_id": "12789542355210529693297837213145239195650906431452907220523483843962014046283", "timestamp": "1769384457001", "hash": "2e99ab0688876f3fbfe834db13f091577fb1a9dc", "bids": [{"price": "0.01", "size": "50"}, {"price": "0.06", "size": "1005.47"}], "asks": [{"price": "0.99", "size": "50"}], "event_type": "book", "last_trade_price": ""}, {"market": "0x670a229a1f5d9a431ff3fdbe240440e747616b560699764b8382a7f989598427", "asset_id": "74551214145879213059808319188966244493771635038438122044687127959239591368336", "timestamp": "1769384457001", "hash": "283d52b58556e176fbb5b664b20a3815da7c7d6a", "bids": [{"price": "0.01", "size": "50"}], "asks": [{"price": "0.99", "size": "50"}, {"price": "0.94", "size": "1005.47"}], "event_type": "book", "last_trade_price": ""}, {"market": "0x670a229a1f5d9a431ff3fdbe240440e747616b560699764b8382a7f989598427", "asset_id": "48796910422067733505176682319059243901247285972955113494477052522649171709991", "timestamp": "1769384457001", "hash": "cbfd4cfdc6dd938007af353649dc93f7fa13ea9c", "bids": [{"price": "0.01", "size": "50"}, {"price": "0.06", "size": "1005.47"}], "asks": [{"price": "0.99", "size": "50"}], "event_type": "book", "last_trade_price": ""}, {"market": "0x61c6e20a33b8478d5cdea414d8e2d550254ccc44113f1c74d2733e1a7c762e6f", "asset_id": "5579012779469916049991541542809107694711306944283724557634440741790067116620", "timestamp": "1769384457005", "hash": "18cbefb90257dae1d5ecbdb4dfe4edee6150d935", "bids": [{"price": "0.01", "size": "50"}, {"price": "0.12", "size": "3250"}, {"price": "0.15", "size": "2359.5"}, {"price": "0.18", "size": "1671.25"}, {"price": "0.21", "size": "1098.11"}, {"price": "0.24", "size": "597.5"}, {"price": "0.25", "size": "589"}, {"price": "0.26", "size": "3174.5"}], "asks": [{"price": "0.99", "size": "55"}, {"price": "0.97", "size": "100"}, {"price": "0.92", "size": "100"}, {"price": "0.86", "size": "50"}, {"price": "0.8", "size": "200"}, {"price": "0.73", "size": "200"}, {"price": "0.64", "size": "2222"}, {"price": "0.61", "size": "1693.25"}, {"price": "0.58", "size": "1283.75"}, {"price": "0.55", "size": "888.12"}, {"price": "0.52", "size": "502.5"}, {"price": "0.51", "size": "501"}, {"price": "0.5", "size": "500"}, {"price": "0.37", "size": "5"}, {"price": "0.31", "size": "1522"}], "event_type": "book", "last_trade_price": ""}, {"market": "0x1f8f68f45a823c8c578643c083467a8eb04659cf486b88141f4aeb5a9c4213bb", "asset_id": "74587461542538855185453965882173987472329409033618214267774607639925837000133", "timestamp": "1769384457000", "hash": "039aa85304fffc3e79717f4fd5ba31a728c808cb", "bids": [{"price": "0.01", "size": "50"}, {"price": "0.06", "size": "1005.47"}], "asks": [{"price": "0.99", "size": "50"}], "event_type": "book", "last_trade_price": ""}, {"market": "0x5174a9d6b3e8155b9a44aa8de0905a67346a4058add117c2a559f2ab4499c951", "asset_id": "106893844657098843604630668188962341936719259192679915328812846117812328738020", "timestamp": "1769384457004", "hash": "74c01664f09c1bf66231e721f0f20bd274f1a065", "bids": [{"price": "0.01", "size": "50"}, {"price": "0.02", "size": "12016"}, {"price": "0.05", "size": "4631.25"}, {"price": "0.08", "size": "2577.5"}, {"price": "0.11", "size": "1491"}, {"price": "0.14", "size": "750.5"}, {"price": "0.15", "size": "726"}, {"price": "0.16", "size": "1173"}, {"price": "0.18", "size": "976"}], "asks": [{"price": "0.99", "size": "50"}, {"price": "0.97", "size": "100"}, {"price": "0.92", "size": "100"}, {"price": "0.64", "size": "2122"}, {"price": "0.61", "size": "1693.25"}, {"price": "0.58", "size": "1283.75"}, {"price": "0.55", "size": "888.12"}, {"price": "0.52", "size": "502.5"}, {"price": "0.51", "size": "501"}, {"price": "0.5", "size": "500"}, {"price": "0.22", "size": "337"}], "event_type": "book", "last_trade_price": "0.180"}, {"market": "0x8bdbcf5715eb48ed8803768ab21e4db3246c64267634c82b5e3812d561d707d7", "asset_id": "7476702856664033768722925444799533991526964945379554216671351808237380028237", "timestamp": "1769384408852", "hash": "8258484dd12e497365a59a010d02841096c086d9", "bids": [{"price": "0.01", "size": "50"}, {"price": "0.03", "size": "100"}, {"price": "0.08", "size": "100"}, {"price": "0.14", "size": "50"}, {"price": "0.2", "size": "200"}, {"price": "0.27", "size": "200"}, {"price": "0.36", "size": "2122"}, {"price": "0.39", "size": "1693.25"}, {"price": "0.42", "size": "1283.75"}, {"price": "0.45", "size": "888.12"}, {"price": "0.48", "size": "502.5"}, {"price": "0.49", "size": "501"}, {"price": "0.5", "size": "1250"}, {"price": "0.6", "size": "1313"}], "asks": [{"price": "0.99", "size": "50"}, {"price": "0.97", "size": "100"}, {"price": "0.79", "size": "2510"}, {"price": "0.76", "size": "1941.88"}, {"price": "0.73", "size": "1436.25"}, {"price": "0.7", "size": "973.88"}, {"price": "0.67", "size": "542"}, {"price": "0.66", "size": "537.99"}, {"price": "0.65", "size": "2034"}, {"price": "0.64", "size": "14"}], "event_type": "book", "last_trade_price": "0.340"}, {"market": "0xb06fca095458ade6510362ac05c2aaad16b7a4f3fe009ef22f48120a4fd1bf02", "asset_id": "91803490325517271916927223702729753170013991358263263938248433653258785889691", "timestamp": "1769384457001", "hash": "7ef8a09a24b1dcd26759dd8eb0aab47660ba6519", "bids": [{"price": "0.01", "size": "50"}], "asks": [{"price": "0.99", "size": "50"}, {"price": "0.94", "size": "1005.47"}], "event_type": "book", "last_trade_price": ""}, {"market": "0xee40e915a8cd1c157dc2499f4d3c4c3e5edb8d2d4a683290b7387556c5e83e5d", "asset_id": "76052669799940382635509307729448723736691775956718571363073240043781603434761", "timestamp": "1769384457001", "hash": "e908d6e83f2b65bcd226977a2efd4fa75d03240a", "bids": [{"price": "0.01", "size": "50"}, {"price": "0.03", "size": "100"}, {"price": "0.08", "size": "100"}, {"price": "0.36", "size": "2122"}, {"price": "0.39", "size": "1693.25"}, {"price": "0.42", "size": "1283.75"}, {"price": "0.45", "size": "888.12"}, {"price": "0.48", "size": "502.5"}, {"price": "0.49", "size": "501"}, {"price": "0.5", "size": "500"}, {"price": "0.6", "size": "328"}], "asks": [{"price": "0.99", "size": "50"}, {"price": "0.97", "size": "100"}, {"price": "0.8", "size": "2560"}, {"price": "0.77", "size": "1971.12"}, {"price": "0.74", "size": "1453.75"}, {"price": "0.71", "size": "983.5"}, {"price": "0.68", "size": "546.5"}, {"price": "0.67", "size": "542"}, {"price": "0.66", "size": "1924"}], "event_type": "book", "last_trade_price": ""}, {"market": "0xda961761ff90d8bb005041bddf14ad1e9ed146a1979b327480c6238730248097", "asset_id": "33005734114769663018867759797863514946650750429412319013990814376098668087689", "timestamp": "1769384457001", "hash": "192b46af6ace9463f3c12ae813a5cf560f8da222", "bids": [{"price": "0.01", "size": "50"}, {"price": "0.06", "size": "1005.47"}], "asks": [{"price": "0.99", "size": "50"}], "event_type": "book", "last_trade_price": ""}, {"market": "0xe5bd1a38111a43d039ca8fc48c7f4f2e0690c87584de68a7fbea294131ede56f", "asset_id": "41482691478073814716017208822044199448252380821715828076491565117203952087095", "timestamp": "1769384484728", "hash": "91c9394fe95c17a46046cc16eec133fc9ab12332", "bids": [{"price": "0.01", "size": "50"}, {"price": "0.03", "size": "13822.25"}, {"price": "0.06", "size": "6247.5"}, {"price": "0.09", "size": "3353"}, {"price": "0.1", "size": "10"}, {"price": "0.11", "size": "10"}, {"price": "0.12", "size": "7725"}, {"price": "0.13", "size": "7704"}, {"price": "0.14", "size": "10554.47"}, {"price": "0.15", "size": "20095"}], "asks": [{"price": "0.99", "size": "450"}, {"price": "0.97", "size": "1100"}, {"price": "0.92", "size": "600"}, {"price": "0.9", "size": "10"}, {"price": "0.86", "size": "50"}, {"price": "0.8", "size": "400"}, {"price": "0.73", "size": "200"}, {"price": "0.64", "size": "4344"}, {"price": "0.61", "size": "3386.5"}, {"price": "0.58", "size": "2567.5"}, {"price": "0.55", "size": "1776.25"}, {"price": "0.52", "size": "1005"}, {"price": "0.51", "size": "1002"}, {"price": "0.5", "size": "2029.8"}, {"price": "0.4", "size": "99.99"}, {"price": "0.3", "size": "10"}, {"price": "0.25", "size": "10"}, {"price": "0.23", "size": "5"}, {"price": "0.22", "size": "100"}, {"price": "0.2", "size": "6057.48"}, {"price": "0.19", "size": "6568"}, {"price": "0.18", "size": "8606.72"}, {"price": "0.17", "size": "1569.28"}], "event_type": "book", "last_trade_price": "0.830"}, {"market": "0x4e76fef47a05e800e62f539884364ef80472890c730c9cf79c51a70794449362", "asset_id": "110200377064839684729356467435761730881323478416872717876217678290476364667899", "timestamp": "1769384457003", "hash": "ff3caf4adcff2447d21f328c0cf85def65333cf6", "bids": [{"price": "0.01", "size": "50"}, {"price": "0.03", "size": "100"}, {"price": "0.08", "size": "100"}, {"price": "0.36", "size": "2122"}, {"price": "0.39", "size": "1693.25"}, {"price": "0.42", "size": "1283.75"}, {"price": "0.45", "size": "888.12"}, {"price": "0.48", "size": "502.5"}, {"price": "0.49", "size": "501"}, {"price": "0.5", "size": "500"}, {"price": "0.75", "size": "700"}, {"price": "0.76", "size": "849.07"}], "asks": [{"price": "0.99", "size": "50"}, {"price": "0.93", "size": "4498"}, {"price": "0.9", "size": "2925"}, {"price": "0.87", "size": "1947.5"}, {"price": "0.84", "size": "1232"}, {"price": "0.81", "size": "653.5"}, {"price": "0.8", "size": "1578"}, {"price": "0.79", "size": "1622.5"}], "event_type": "book", "last_trade_price": "0.210"}, {"market": "0xe5bd1a38111a43d039ca8fc48c7f4f2e0690c87584de68a7fbea294131ede56f", "asset_id": "105492161346754909701985754075408491156648284741611725984306375947661129287082", "timestamp": "1769384484728", "hash": "4aef0a2af2c97bc827af04fde1667973c4d78ba2", "bids": [{"price": "0.01", "size": "450"}, {"price": "0.03", "size": "1100"}, {"price": "0.08", "size": "600"}, {"price": "0.1", "size": "10"}, {"price": "0.14", "size": "50"}, {"price": "0.2", "size": "400"}, {"price": "0.27", "size": "200"}, {"price": "0.36", "size": "4344"}, {"price": "0.39", "size": "3386.5"}, {"price": "0.42", "size": "2567.5"}, {"price": "0.45", "size": "1776.25"}, {"price": "0.48", "size": "1005"}, {"price": "0.49", "size": "1002"}, {"price": "0.5", "size": "2029.8"}, {"price": "0.6", "size": "99.99"}, {"price": "0.7", "size": "10"}, {"price": "0.75", "size": "10"}, {"price": "0.77", "size": "5"}, {"price": "0.78", "size": "100"}, {"price": "0.8", "size": "6057.48"}, {"price": "0.81", "size": "6568"}, {"price": "0.82", "size": "8606.72"}, {"price": "0.83", "size": "1569.28"}], "asks": [{"price": "0.99", "size": "50"}, {"price": "0.97", "size": "13822.25"}, {"price": "0.94", "size": "6247.5"}, {"price": "0.91", "size": "3353"}, {"price": "0.9", "size": "10"}, {"price": "0.89", "size": "10"}, {"price": "0.88", "size": "7725"}, {"price": "0.87", "size": "7704"}, {"price": "0.86", "size": "10554.47"}, {"price": "0.85", "size": "20095"}], "event_type": "book", "last_trade_price": "0.830"}, {"market": "0xda961761ff90d8bb005041bddf14ad1e9ed146a1979b327480c6238730248097", "asset_id": "39332613983667307951195638051425121405353399502809105428132137941633509705894", "timestamp": "1769384457001", "hash": "200318300f5b34d413545083c942c11b785f7da5", "bids": [{"price": "0.01", "size": "50"}], "asks": [{"price": "0.99", "size": "50"}, {"price": "0.94", "size": "1005.47"}], "event_type": "book", "last_trade_price": ""}, {"market": "0x61c6e20a33b8478d5cdea414d8e2d550254ccc44113f1c74d2733e1a7c762e6f", "asset_id": "62357242192369320895668078769142417894284436589195299909876477453973968749850", "timestamp": "1769384457005", "hash": "7ff77c8a3b4b0c055384c04d37009b4b40800400", "bids": [{"price": "0.01", "size": "55"}, {"price": "0.03", "size": "100"}, {"price": "0.08", "size": "100"}, {"price": "0.14", "size": "50"}, {"price": "0.2", "size": "200"}, {"price": "0.27", "size": "200"}, {"price": "0.36", "size": "2222"}, {"price": "0.39", "size": "1693.25"}, {"price": "0.42", "size": "1283.75"}, {"price": "0.45", "size": "888.12"}, {"price": "0.48", "size": "502.5"}, {"price": "0.49", "size": "501"}, {"price": "0.5", "size": "500"}, {"price": "0.63", "size": "5"}, {"price": "0.69", "size": "1522"}], "asks": [{"price": "0.99", "size": "50"}, {"price": "0.88", "size": "3250"}, {"price": "0.85", "size": "2359.5"}, {"price": "0.82", "size": "1671.25"}, {"price": "0.79", "size": "1098.11"}, {"price": "0.76", "size": "597.5"}, {"price": "0.75", "size": "589"}, {"price": "0.74", "size": "3174.5"}], "event_type": "book", "last_trade_price": ""}, {"market": "0x1f8f68f45a823c8c578643c083467a8eb04659cf486b88141f4aeb5a9c4213bb", "asset_id": "75906112022567856349657406405539296708817453246118863029221885871845528276220", "timestamp": "1769384457000", "hash": "76fae87df0f92381b45403dbc7ee8208303e2f1b", "bids": [{"price": "0.01", "size": "50"}], "asks": [{"price": "0.99", "size": "50"}, {"price": "0.94", "size": "1005.47"}], "event_type": "book", "last_trade_price": ""}, {"market": "0xee40e915a8cd1c157dc2499f4d3c4c3e5edb8d2d4a683290b7387556c5e83e5d", "asset_id": "37564082470823991367284243956886235436446831125675627227553986075748212326896", "timestamp": "1769384457001", "hash": "9ba0303631e37ff19e9edcf77ea411d398290530", "bids": [{"price": "0.01", "size": "50"}, {"price": "0.03", "size": "100"}, {"price": "0.2", "size": "2560"}, {"price": "0.23", "size": "1971.12"}, {"price": "0.26", "size": "1453.75"}, {"price": "0.29", "size": "983.5"}, {"price": "0.32", "size": "546.5"}, {"price": "0.33", "size": "542"}, {"price": "0.34", "size": "1924"}], "asks": [{"price": "0.99", "size": "50"}, {"price": "0.97", "size": "100"}, {"price": "0.92", "size": "100"}, {"price": "0.64", "size": "2122"}, {"price": "0.61", "size": "1693.25"}, {"price": "0.58", "size": "1283.75"}, {"price": "0.55", "size": "888.12"}, {"price": "0.52", "size": "502.5"}, {"price": "0.51", "size": "501"}, {"price": "0.5", "size": "500"}, {"price": "0.4", "size": "328"}], "event_type": "book", "last_trade_price": ""}]}
{"_local_timestamp": "2026-01-25T23:41:25.798327+00:00", "data": {"market": "0xe5bd1a38111a43d039ca8fc48c7f4f2e0690c87584de68a7fbea294131ede56f", "price_changes": [{"asset_id": "41482691478073814716017208822044199448252380821715828076491565117203952087095", "price": "0.13", "size": "7588", "side": "BUY", "hash": "651fced19a25693cb6984369f09a8fa63094dc0a", "best_bid": "0.15", "best_ask": "0.17"}, {"asset_id": "105492161346754909701985754075408491156648284741611725984306375947661129287082", "price": "0.87", "size": "7588", "side": "SELL", "hash": "1c7f3733ce67f6b0c515d710f9d8982fa416d462", "best_bid": "0.83", "best_ask": "0.85"}], "timestamp": "1769384485726", "event_type": "price_change"}}
{"_local_timestamp": "2026-01-25T23:41:25.836193+00:00", "data": {"market": "0xe5bd1a38111a43d039ca8fc48c7f4f2e0690c87584de68a7fbea294131ede56f", "price_changes": [{"asset_id": "41482691478073814716017208822044199448252380821715828076491565117203952087095", "price": "0.13", "size": "7704", "side": "BUY", "hash": "39beab045e6c5f9315fa1a47aad6be363156e4ba", "best_bid": "0.15", "best_ask": "0.17"}, {"asset_id": "105492161346754909701985754075408491156648284741611725984306375947661129287082", "price": "0.87", "size": "7704", "side": "SELL", "hash": "4bfba2ff2a1e364a105be3d4165c44cfdcc2368d", "best_bid": "0.83", "best_ask": "0.85"}], "timestamp": "1769384485756", "event_type": "price_change"}}
{"_local_timestamp": "2026-01-25T23:41:27.291875+00:00", "data": {"market": "0xe5bd1a38111a43d039ca8fc48c7f4f2e0690c87584de68a7fbea294131ede56f", "price_changes": [{"asset_id": "41482691478073814716017208822044199448252380821715828076491565117203952087095", "price": "0.13", "size": "7588", "side": "BUY", "hash": "7d1cb1612f4ebfdb16e8377152a533a106f66841", "best_bid": "0.15", "best_ask": "0.17"}, {"asset_id": "105492161346754909701985754075408491156648284741611725984306375947661129287082", "price": "0.87", "size": "7588", "side": "SELL", "hash": "93126df5a6c69aa664bf37771051fafd0b510a6c", "best_bid": "0.83", "best_ask": "0.85"}], "timestamp": "1769384487226", "event_type": "price_change"}}
{"_local_timestamp": "2026-01-25T23:41:27.321265+00:00", "data": {"market": "0xe5bd1a38111a43d039ca8fc48c7f4f2e0690c87584de68a7fbea294131ede56f", "price_changes": [{"asset_id": "41482691478073814716017208822044199448252380821715828076491565117203952087095", "price": "0.13", "size": "7704", "side": "BUY", "hash": "7e11bb65890b9740222e5468aa47014276fe9c49", "best_bid": "0.15", "best_ask": "0.17"}, {"asset_id": "105492161346754909701985754075408491156648284741611725984306375947661129287082", "price": "0.87", "size": "7704", "side": "SELL", "hash": "f522b3d3c304e2e8dc06ea371955ace9481adac2", "best_bid": "0.83", "best_ask": "0.85"}], "timestamp": "1769384487252", "event_type": "price_change"}}
