{"_local_timestamp": "2026-01-25T23:41:31.748181+00:00", "data": [{"market": "0xcbd17f36aa676e57bdf10b7bc3732790e2ad3081d2ad447097a51c7d9a1d1165", "asset_id": "84855656256108406870074879706571048573376798433619814668424494572275063294159", "timestamp": "1769384409408", "hash": "ae8306a441e401e2a10de2e071e914395b3c4b7b", "bids": [{"price": "0.01", "size": "50"}, {"price": "0.02", "size": "5.47"}], "asks": [{"price": "0.99", "size": "50"}], "event_type": "book", "last_trade_price": ""}, {"market": "0x404a84a81115839e4ef8831f47ad82beb5762a70a432db21237a164c19da1f99", "asset_id": "36626645834080088067724935128760341411745096379375666899879067291773525762126", "timestamp": "1769384409407", "hash": "acf94da7f3487c9f41160b652d6893d4994b20a7", "bids": [{"price": "0.01", "size": "50"}], "asks": [{"price": "0.99", "size": "50"}, {"price": "0.98", "size": "5.47"}], "event_type": "book", "last_trade_price": ""}, {"market": "0x4e883e3b200075abb2918f0b726978ddba0b9679311f25b9c6f837e1e8568d05", "asset_id": "55661214888225953090093420231124873150909192223041698413755199811073699277071", "timestamp": "1769384409406", "hash": "ad29bb245f73134775975e3f61cdad541eb411b7", "bids": [{"price": "0.01", "size": "50"}, {"price": "0.02", "size": "5.47"}], "asks": [{"price": "0.99", "size": "50"}], "event_type": "book", "last_trade_price": ""}, {"market": "0xcbd17f36aa676e57bdf10b7bc3732790e2ad3081d2ad447097a51c7d9a1d1165", "asset_id": "37231538977244821330972244895736611081222355685414915717561933033471313984247", "timestamp": "1769384409408", "hash": "5cf7f4806a38aa62f08d55ca8c1472b0a7826096", "bids": [{"price": "0.01", "size": "50"}], "asks": [{"price": "0.99", "size": "50"}, {"price": "0.98", "size": "5.47"}], "event_type": "book", "last_trade_price": ""}, {"market": "0x404a84a81115839e4ef8831f47ad82beb5762a70a432db21237a164c19da1f99", "asset_id": "7448472770586476397247204324760475265826104706671019119993982085622257089136", "timestamp": "1769384409407", "hash": "7b4efd1e085d6fe71acdfaf5bca1964e17970090", "bids": [{"price": "0.01", "size": "50"}, {"price": "0.02", "size": "5.47"}], "asks": [{"price": "0.99", "size": "50"}], "event_type": "book", "last_trade_price": ""}, {"market": "0x8b87c36f889fe1a3d4760b45b93885baedbc6afcf7ed9d0bc98b0e9c89a3f1f3", "asset_id": "66980009038512834086974478131989443952705331942944351137295289561655047669798", "timestamp": "1769384409406", "hash": "ba6a03c164c22194033e85d7d0d31c9711ebedcc", "bids": [{"price": "0.01", "size": "50"}, {"price": "0.02", "size": "5.47"}], "asks": [{"price": "0.99", "size": "50"}], "event_type": "book", "last_trade_price": ""}, {"market": "0x50aa26d15401945c0dd1874d67e5fa03ea42b45f121a1cb2d0691ecfa5f1f27e", "asset_id": "41738660197578748241824267987045409685656625610049639331469596210317165202596", "timestamp": "1769384409408", "hash": "036b2717a1534383481476f31d3f339c425137ae", "bids": [{"price": "0.01", "size": "50"}], "asks": [{"price": "0.99", "size": "50"}, {"price": "0.98", "size": "5.47"}], "event_type": "book", "last_trade_price": ""}, {"market": "0x69ed1d3a479f1310fc3830d02a6620b77fb0937730c09594ea084cb26ad39ec6", "asset_id": "60676469840452062008122122720224703649738595496986154976785115120945423628522", "timestamp": "1769384409406", "hash": "b1c638873ce9c896e5a5865cafc735160b34e738", "bids": [{"price": "0.01", "size": "50"}], "asks": [{"price": "0.99", "size": "50"}, {"price": "0.98", "size": "5.47"}], "event_type": "book", "last_trade_price": ""}, {"market": "0x4e883e3b200075abb2918f0b726978ddba0b9679311f25b9c6f837e1e8568d05", "asset_id": "96144182455666720680884790222059459271463475656165384149884368974225855562244", "timestamp": "1769384409406", "hash": "ebda55651550857b2911b01d170a72ee898dee6a", "bids": [{"price": "0.01", "size": "50"}], "asks": [{"price": "0.99", "size": "50"}, {"price": "0.98", "size": "5.47"}], "event_type": "book", "last_trade_price": ""}, {"market": "0x76de87dc5b552fe92a62f7959546521d57a3aecc9b3a45473348285c31cd24d9", "asset_id": "68688388628953401907012681738109464787391484038003424338809680561965979332005", "timestamp": "1769384409407", "hash": "723552365f7d71661523f8e5852a9b1158b003af", "bids": [{"price": "0.01", "size": "50"}, {"price": "0.1", "size": "110"}], "asks": [{"price": "0.99", "size": "50"}, {"price": "0.95", "size": "205.47"}], "event_type": "book", "last_trade_price": ""}, {"market": "0xa8aaa65397e1f53b0352fb17db73583f41a26387dac5ae785047220cb744bc5e", "asset_id": "103162276987484769817965644417037048082849091012325456837685333195486233346151", "timestamp": "1769384409405", "hash": "58ee05f40408cbc23ad5c98f667283a58a44178d", "bids": [{"price": "0.01", "size": "50"}, {"price": "0.02", "size": "5.47"}], "asks": [{"price": "0.99", "size": "50"}], "event_type": "book", "last_trade_price": ""}, {"market": "0x69ed1d3a479f1310fc3830d02a6620b77fb0937730c09594ea084cb26ad39ec6", "asset_id": "46417494888958498683609306099108650300602714535649531019676692310463798862132", "timestamp": "1769384409405", "hash": "614463abd8e3f83876d9e6655e6135a2eebb8724", "bids": [{"price": "0.01", "size": "50"}, {"price": "0.02", "size": "5.47"}], "asks": [{"price": "0.99", "size": "101.24"}], "event_type": "book", "last_trade_price": ""}, {"market": "0xa8aaa65397e1f53b0352fb17db73583f41a26387dac5ae785047220cb744bc5e", "asset_id": "54905452536050456005836609699433577969503660623070377418256077116187914534150", "timestamp": "1769384409405", "hash": "eddbb50517664fdd55ea302611e8ec42165ec99f", "bids": [{"price": "0.01", "size": "50"}], "asks": [{"price": "0.99", "size": "50"}, {"price": "0.98", "size": "5.47"}], "event_type": "book", "last_trade_price": ""}, {"market": "0x4206809d1a798e19dd559c41f35ea101ce4e9c4699c409ba80f6799419b13915", "asset_id": "17409562501953377433432579410479661545629980927748162573569866817378884067636", "timestamp": "1769384409407", "hash": "c5908aeb14f3231a7c196a5a241c655c959bfb77", "bids": [{"price": "0.01", "size": "50"}, {"price": "0.02", "size": "5.47"}], "asks": [{"price": "0.99", "size": "50"}], "event_type": "book", "last_trade_price": ""}, {"market": "0x76de87dc5b552fe92a62f7959546521d57a3aecc9b3a45473348285c31cd24d9", "asset_id": "111097472586207732961844848886548579398889528420793025750107332880149223322047", "timestamp": "1769384409407", "hash": "cc29dfbc748d92ba3122cfed43bd58c02b9dbe57", "bids": [{"price": "0.01", "size": "50"}, {"price": "0.05", "size": "205.47"}], "asks": [{"price": "0.99", "size": "50"}, {"price": "0.9", "size": "110"}], "event_type": "book", "last_trade_price": ""}, {"market": "0x4206809d1a798e19dd559c41f35ea101ce4e9c4699c409ba80f6799419b13915", "asset_id": "8391920067975523283071139848778322914080760867340138021035549600517575964137", "timestamp": "1769384409407", "hash": "83d2e92757f045c2e3e8faa39eaa859c032d7fda", "bids": [{"price": "0.01", "size": "50"}], "asks": [{"price": "0.99", "size": "50"}, {"price": "0.98", "size": "5.47"}], "event_type": "book", "last_trade_price": ""}, {"market": "0x50aa26d15401945c0dd1874d67e5fa03ea42b45f121a1cb2d0691ecfa5f1f27e", "asset_id": "12503581635784410335259191622733361449817759134275150074207240650058680242965", "timestamp": "1769384409408", "hash": "72656835d52a5e2b6eaa0e0eec4d156bee641d89", "bids": [{"price": "0.01", "size": "50"}, {"price": "0.02", "size": "5.47"}], "asks": [{"price": "0.99", "size": "50"}], "event_type": "book", "last_trade_price": ""}, {"market": "0x8b87c36f889fe1a3d4760b45b93885baedbc6afcf7ed9d0bc98b0e9c89a3f1f3", "asset_id": "103063605103434578856115490031700912470242843996805979980008759661027691817358", "timestamp": "1769384409406", "hash": "4c230206bbf0d47a972df69dce09a1f81016d8e0", "bids": [{"price": "0.01", "size": "50"}], "asks": [{"price": "0.99", "size": "50"}, {"price": "0.98", "size": "5.47"}], "event_type": "book", "last_trade_price": ""}]}
