{"_local_timestamp": "2026-01-25T23:34:23.855153+00:00", "data": [{"market": "0x2a90690499a970ad11be8ae75446627c99460e5bfa6441896405ab77c63618b8", "asset_id": "3431984517011210967045030089209258982721555898728865799291080016797807502292", "timestamp": "1769383716322", "hash": "f01c9b6b87c094e884372eeaa9ae40abfb075c9d", "bids": [{"price": "0.01", "size": "55.52"}, {"price": "0.02", "size": "19.5"}, {"price": "0.1", "size": "10"}, {"price": "0.11", "size": "5.04"}, {"price": "0.42", "size": "20"}, {"price": "0.43", "size": "33"}], "asks": [{"price": "0.99", "size": "55.52"}, {"price": "0.98", "size": "19.5"}, {"price": "0.9", "size": "10"}, {"price": "0.89", "size": "5.04"}, {"price": "0.58", "size": "20"}, {"price": "0.57", "size": "33"}], "event_type": "book", "last_trade_price": ""}, {"market": "0x27ea7f89b793507e1fad274ab4e8d8a5ff2d76068431e4ba64173f56854e4004", "asset_id": "80125218477637637980635580136944514852695446678914183423444833742730618776948", "timestamp": "1769383443187", "hash": "bb3c6f74bcc435c3aaf4a078ba1e78ff9332886a", "bids": [{"price": "0.01", "size": "100"}, {"price": "0.02", "size": "30.47"}], "asks": [{"price": "0.99", "size": "101.24"}, {"price": "0.98", "size": "24.37"}], "event_type": "book", "last_trade_price": ""}, {"market": "0x82ff9a88415287435a03ec06a9f65f170c54e063e87b79a10f293c1c05f87682", "asset_id": "60623338379618153279144096883411331923929089786617246480939618542176756081402", "timestamp": "1769383440768", "hash": "ad92f2acac956f6b8a6da68b554dbe64845a4463", "bids": [{"price": "0.01", "size": "100"}, {"price": "0.02", "size": "30.47"}], "asks": [{"price": "0.99", "size": "101.24"}, {"price": "0.98", "size": "24.37"}], "event_type": "book", "last_trade_price": ""}, {"market": "0x3b0592c10c153c63d771d36d5775cd5d47a465f9a1e49a974a23585deaf60ab3", "asset_id": "6282339746183184333716306495861049216160520262869891846484660163892184129159", "timestamp": "1769383443186", "hash": "c8897bbda7ae5d628646c14239b913cacd15da28", "bids": [{"price": "0.01", "size": "101.24"}, {"price": "0.02", "size": "24.37"}], "asks": [{"price": "0.99", "size": "100"}, {"price": "0.98", "size": "30.47"}], "event_type": "book", "last_trade_price": ""}, {"market": "0xded1146132d1edd5db794451f17996eb0ec4d9bc58362ff9f42eea7dd04502dd", "asset_id": "67362267423206661675192843800899810322248020704722739704485486020577720058145", "timestamp": "1769383438342", "hash": "daa404acc442992d70d42ed9e9da740894e3af1c", "bids": [{"price": "0.01", "size": "101.24"}, {"price": "0.02", "size": "24.37"}], "asks": [{"price": "0.99", "size": "100"}, {"price": "0.98", "size": "30.47"}], "event_type": "book", "last_trade_price": ""}, {"market": "0x7f7a1f1f4d0a3633518e486af8434d809f4d29aa6693dafbb4bd5bfd25aa0b13", "asset_id": "66856271836592367829177287927209292624594753326031671903544312085003126166445", "timestamp": "1769383440764", "hash": "f23212a614204c6af61c53ce0b1e735a4172e0d3", "bids": [{"price": "0.01", "size": "101.24"}, {"price": "0.02", "size": "24.37"}], "asks": [{"price": "0.99", "size": "100"}, {"price": "0.98", "size": "30.47"}], "event_type": "book", "last_trade_price": ""}, {"market": "0x7f7a1f1f4d0a3633518e486af8434d809f4d29aa6693dafbb4bd5bfd25aa0b13", "asset_id": "98049257707663576992943945943238074219068318609112438340033045153709041251521", "timestamp": "1769383440764", "hash": "80a371ab3fa9d1017c6ba6701684858207b8a250", "bids": [{"price": "0.01", "size": "100"}, {"price": "0.02", "size": "30.47"}], "asks": [{"price": "0.99", "size": "101.24"}, {"price": "0.98", "size": "24.37"}], "event_type": "book", "last_trade_price": ""}, {"market": "0x82ff9a88415287435a03ec06a9f65f170c54e063e87b79a10f293c1c05f87682", "asset_id": "15476694193319781657067190139842220516745328982356833591030689918247091266627", "timestamp": "1769383440768", "hash": "6b981370e67ef79671390419aaf0169da0b7d39c", "bids": [{"price": "0.01", "size": "101.24"}, {"price": "0.02", "size": "24.37"}], "asks": [{"price": "0.99", "size": "100"}, {"price": "0.98", "size": "30.47"}], "event_type": "book", "last_trade_price": ""}, {"market": "0x2a90690499a970ad11be8ae75446627c99460e5bfa6441896405ab77c63618b8", "asset_id": "4630679135482912007474536913143992417518960147173663992835485485122950274789", "timestamp": "1769383716322", "hash": "ad195bd07965348862c5a0cba29651f4e6467635", "bids": [{"price": "0.01", "size": "55.52"}, {"price": "0.02", "size": "19.5"}, {"price": "0.1", "size": "10"}, {"price": "0.11", "size": "5.04"}, {"price": "0.42", "size": "20"}, {"price": "0.43", "size": "33"}], "asks": [{"price": "0.99", "size": "55.52"}, {"price": "0.98", "size": "19.5"}, {"price": "0.9", "size": "10"}, {"price": "0.89", "size": "5.04"}, {"price": "0.58", "size": "20"}, {"price": "0.57", "size": "33"}], "event_type": "book", "last_trade_price": ""}, {"market": "0x26ef6a457e98fec40f522a2397dc86d7fe01f7b507a0bf69b84eae68b8795b1f", "asset_id": "85182721302789430946028523955096671701987918586479382847468700051718485692840", "timestamp": "1769383438341", "hash": "2639b34cf9f83ce5385dc0627ee030be13cbfd08", "bids": [{"price": "0.01", "size": "100"}, {"price": "0.02", "size": "30.47"}], "asks": [{"price": "0.99", "size": "101.24"}, {"price": "0.98", "size": "24.37"}], "event_type": "book", "last_trade_price": ""}, {"market": "0xded1146132d1edd5db794451f17996eb0ec4d9bc58362ff9f42eea7dd04502dd", "asset_id": "24315477762648074272601274608972582632148649876618781416997170674421699412324", "timestamp": "1769383438342", "hash": "1c82a273943803d2327fa85514e6df5ffaa838df", "bids": [{"price": "0.01", "size": "100"}, {"price": "0.02", "size": "30.47"}], "asks": [{"price": "0.99", "size": "101.24"}, {"price": "0.98", "size": "24.37"}], "event_type": "book", "last_trade_price": ""}, {"market": "0x26ef6a457e98fec40f522a2397dc86d7fe01f7b507a0bf69b84eae68b8795b1f", "asset_id": "85506506761667859216230022780283720829374261008623347242053458892036715412807", "timestamp": "1769383438341", "hash": "a26635ce9f64fdefc63f55e93ad3f36dce941b84", "bids": [{"price": "0.01", "size": "101.24"}, {"price": "0.02", "size": "24.37"}], "asks": [{"price": "0.99", "size": "100"}, {"price": "0.98", "size": "30.47"}], "event_type": "book", "last_trade_price": ""}, {"market": "0xd68592ddb0901920781a6ed5eb3072ff1533a79a27415d0cdc78e6a3a494593d", "asset_id": "48961030937318248969994700143424167200834711366161837015982607692939999215318", "timestamp": "1769383498975", "hash": "43cc41a52b76120c835b106fd5cdfad89154c14b", "bids": [{"price": "0.01", "size": "100"}, {"price": "0.02", "size": "30.47"}], "asks": [{"price": "0.99", "size": "101.24"}], "event_type": "book", "last_trade_price": ""}, {"market": "0xd68592ddb0901920781a6ed5eb3072ff1533a79a27415d0cdc78e6a3a494593d", "asset_id": "36742740433614351698879140288908604438243986905048823811477662436115635540271", "timestamp": "1769383498975", "hash": "6caf54da0473233b8b9e1067aaffef90b0459cc5", "bids": [{"price": "0.01", "size": "101.24"}], "asks": [{"price": "0.99", "size": "100"}, {"price": "0.98", "size": "30.47"}], "event_type": "book", "last_trade_price": ""}, {"market": "0x2c0527b3f9b41c9dd250fc47e647aa5073f2d600c753c58d39a48f5387f746c1", "asset_id": "57847987407180344948182192471374006224297650159492692658559649586642507862306", "timestamp": "1769383438343", "hash": "fa03f1c5124c1e721c513e8697671ba027ead6d8", "bids": [{"price": "0.01", "size": "100"}, {"price": "0.02", "size": "30.47"}], "asks": [{"price": "0.99", "size": "101.24"}, {"price": "0.98", "size": "24.37"}], "event_type": "book", "last_trade_price": ""}, {"market": "0x3b0592c10c153c63d771d36d5775cd5d47a465f9a1e49a974a23585deaf60ab3", "asset_id": "65811683218672153319638316322466277434543312517575989022342698903957383764877", "timestamp": "1769383443186", "hash": "db70384e074ea456854acbcca7f2c867a2f478d1", "bids": [{"price": "0.01", "size": "100"}, {"price": "0.02", "size": "30.47"}], "asks": [{"price": "0.99", "size": "101.24"}, {"price": "0.98", "size": "24.37"}], "event_type": "book", "last_trade_price": ""}, {"market": "0x2c0527b3f9b41c9dd250fc47e647aa5073f2d600c753c58d39a48f5387f746c1", "asset_id": "87011825774930760817052066450211296274046915922649743127557373460138437164440", "timestamp": "1769383438343", "hash": "8c0e8b8aab499e657542e2b48b025d56e8eb85dd", "bids": [{"price": "0.01", "size": "101.24"}, {"price": "0.02", "size": "24.37"}], "asks": [{"price": "0.99", "size": "100"}, {"price": "0.98", "size": "30.47"}], "event_type": "book", "last_trade_price": ""}, {"market": "0x27ea7f89b793507e1fad274ab4e8d8a5ff2d76068431e4ba64173f56854e4004", "asset_id": "59313589676493315716334023751516041065765425649570264275349784926025995539094", "timestamp": "1769383443187", "hash": "59c4bfe97a57919db46a664763122640b40a2ba8", "bids": [{"price": "0.01", "size": "101.24"}, {"price": "0.02", "size": "24.37"}], "asks": [{"price": "0.99", "size": "100"}, {"price": "0.98", "size": "30.47"}], "event_type": "book", "last_trade_price": ""}]}
