{"_local_timestamp": "2026-01-25T23:34:19.778659+00:00", "data": [{"market": "0x00fddaa30ddb3cc291538dfa0210d67076fa62432b3cb611549ab8bcbefa184a", "asset_id": "25963108714775085023598215698432130621757600397959437017516275975394672153097", "timestamp": "1769383975353", "hash": "efd6df20777ec3b8f61c49221163fd6f8e4fef8f", "bids": [{"price": "0.01", "size": "100"}, {"price": "0.02", "size": "25"}, {"price": "0.06", "size": "1005.47"}], "asks": [{"price": "0.99", "size": "70.64"}, {"price": "0.98", "size": "19.16"}], "event_type": "book", "last_trade_price": ""}, {"market": "0x4410aca3a0fc9b5f50da0ac3232fe3d7796effe673697e4de80e63c3f850e2b6", "asset_id": "12960780696302692795365806171578964608567781021636713369142799408696231712351", "timestamp": "1769384037408", "hash": "8a198e70bfd2dd52cb109142c9b8865785e3334b", "bids": [{"price": "0.001", "size": "2928.99"}, {"price": "0.002", "size": "29.44"}, {"price": "0.003", "size": "100"}, {"price": "0.004", "size": "14.57"}, {"price": "0.005", "size": "200"}, {"price": "0.006", "size": "9.62"}, {"price": "0.007", "size": "100"}, {"price": "0.008", "size": "10.69"}, {"price": "0.01", "size": "22257"}, {"price": "0.011", "size": "10.11"}, {"price": "0.015", "size": "3950"}, {"price": "0.016", "size": "14.91"}, {"price": "0.02", "size": "153599"}, {"price": "0.021", "size": "39.78"}], "asks": [{"price": "0.999", "size": "1534.07"}, {"price": "0.998", "size": "22.29"}, {"price": "0.99", "size": "50"}, {"price": "0.989", "size": "8.38"}, {"price": "0.97", "size": "1100"}, {"price": "0.969", "size": "8.35"}, {"price": "0.92", "size": "600"}, {"price": "0.9", "size": "10"}, {"price": "0.899", "size": "5.93"}, {"price": "0.86", "size": "50"}, {"price": "0.8", "size": "400"}, {"price": "0.73", "size": "200"}, {"price": "0.64", "size": "4344"}, {"price": "0.61", "size": "3386.5"}, {"price": "0.58", "size": "2567.5"}, {"price": "0.55", "size": "1776.25"}, {"price": "0.52", "size": "1005"}, {"price": "0.51", "size": "1002"}, {"price": "0.5", "size": "1117.49"}, {"price": "0.4", "size": "166.66"}, {"price": "0.15", "size": "5"}, {"price": "0.09", "size": "50"}, {"price": "0.08", "size": "100"}, {"price": "0.07", "size": "209"}, {"price": "0.06", "size": "344.22"}, {"price": "0.05", "size": "227"}, {"price": "0.038", "size": "555"}, {"price": "0.034", "size": "582"}, {"price": "0.032", "size": "1034"}, {"price": "0.031", "size": "380.84"}, {"price": "0.025", "size": "295.21"}], "event_type": "book", "last_trade_price": "0.025"}, {"market": "0x2e682de014b1107bbbe99b51fda0bd738e06be920b206ca2155c176e526d0b71", "asset_id": "72722740413428991232476199440482616266848807562551171262643304997471835041335", "timestamp": "1769383975346", "hash": "b78ca3b87b6d7dd4b9fc97d9e97533b478a86fab", "bids": [{"price": "0.01", "size": "64.69"}, {"price": "0.03", "size": "100"}, {"price": "0.04", "size": "5.02"}, {"price": "0.08", "size": "100"}, {"price": "0.09", "size": "7.24"}, {"price": "0.36", "size": "2122"}, {"price": "0.39", "size": "1693.25"}, {"price": "0.42", "size": "1283.75"}, {"price": "0.45", "size": "888.12"}, {"price": "0.48", "size": "502.5"}, {"price": "0.49", "size": "501"}, {"price": "0.5", "size": "500"}, {"price": "0.58", "size": "339"}], "asks": [{"price": "0.99", "size": "50"}, {"price": "0.98", "size": "5.29"}, {"price": "0.97", "size": "100"}, {"price": "0.96", "size": "22.35"}, {"price": "0.78", "size": "2466"}, {"price": "0.75", "size": "1914.25"}, {"price": "0.72", "size": "1420"}, {"price": "0.69", "size": "964.25"}, {"price": "0.66", "size": "538"}, {"price": "0.65", "size": "534"}, {"price": "0.64", "size": "1895.5"}], "event_type": "book", "last_trade_price": ""}, {"market": "0x78ddd77cfdc396a878fe50e97962a8e7c1f269dde81f31e4ac61c590ef2ec8c2", "asset_id": "103095283277353088629077174478706049824861017494292974381486663505411556407518", "timestamp": "1769383602107", "hash": "2efa52f880496302593e7123f2ac83a756173931", "bids": [{"price": "0.01", "size": "69.71"}, {"price": "0.02", "size": "19.63"}], "asks": [{"price": "0.99", "size": "70.64"}, {"price": "0.98", "size": "24.63"}], "event_type": "book", "last_trade_price": ""}, {"market": "0x0f39b07d28636179805c9d158e9e191204960b87e6a86eac4d2030fd5d027e0f", "asset_id": "33008712146240511401124961944195755274706723935095526526368468739543840310570", "timestamp": "1769383979244", "hash": "ede1bff58d7d87a0802d67ea25c145ba3162aabc", "bids": [{"price": "0.01", "size": "100"}, {"price": "0.02", "size": "25"}, {"price": "0.06", "size": "1005.47"}], "asks": [{"price": "0.99", "size": "70.64"}, {"price": "0.98", "size": "19.16"}], "event_type": "book", "last_trade_price": ""}, {"market": "0x0f39b07d28636179805c9d158e9e191204960b87e6a86eac4d2030fd5d027e0f", "asset_id": "87765154917908111244501366665592855608056290890588349234922552262157630841567", "timestamp": "1769383979244", "hash": "d6c796551b7ffd24c136ab79c97b48a1ebb0d817", "bids": [{"price": "0.01", "size": "70.64"}, {"price": "0.02", "size": "19.16"}], "asks": [{"price": "0.99", "size": "100"}, {"price": "0.98", "size": "25"}, {"price": "0.94", "size": "1005.47"}], "event_type": "book", "last_trade_price": ""}, {"market": "0x11bda2a67b3bb7d25a2a85e66d961beb3a9b0ff5802383de4d8eb06958dfbd25", "asset_id": "59946420638527075068094017657007439046680089185161119140821135355801195106706", "timestamp": "1769383975350", "hash": "4734c2d3f43b47fe7814dd9d03333902144c49e7", "bids": [{"price": "0.01", "size": "50"}, {"price": "0.02", "size": "15.05"}, {"price": "0.03", "size": "100"}, {"price": "0.08", "size": "100"}, {"price": "0.09", "size": "7.76"}, {"price": "0.14", "size": "50"}, {"price": "0.2", "size": "200"}, {"price": "0.49", "size": "1002"}, {"price": "0.5", "size": "1000"}, {"price": "0.91", "size": "100"}, {"price": "0.92", "size": "711"}], "asks": [{"price": "0.99", "size": "130"}, {"price": "0.98", "size": "39.54"}, {"price": "0.96", "size": "3847"}, {"price": "0.95", "size": "4260"}, {"price": "0.94", "size": "1045"}], "event_type": "book", "last_trade_price": "0.070"}, {"market": "0x00fddaa30ddb3cc291538dfa0210d67076fa62432b3cb611549ab8bcbefa184a", "asset_id": "96555176248762849114270743363922933340416514524866137208841389885251645488330", "timestamp": "1769383975353", "hash": "87128ad5dd0f4f023ed978ef6700a6020cfbaaf5", "bids": [{"price": "0.01", "size": "70.64"}, {"price": "0.02", "size": "19.16"}], "asks": [{"price": "0.99", "size": "100"}, {"price": "0.98", "size": "25"}, {"price": "0.94", "size": "1005.47"}], "event_type": "book", "last_trade_price": ""}, {"market": "0x6535b5298489fb13dbd8ccd8e159c863fc5f200bfa0fa54f42a4522277421bae", "asset_id": "70434658428379999369252938904488849693086861442981639719364000205857607396973", "timestamp": "1769384059295", "hash": "1e089abe2d4ae27b3cda6e6f150772225e1e7b9e", "bids": [{"price": "0.01", "size": "80.92"}, {"price": "0.02", "size": "25.17"}, {"price": "0.09", "size": "4370"}, {"price": "0.1", "size": "5822"}, {"price": "0.11", "size": "1000"}], "asks": [{"price": "0.99", "size": "50"}, {"price": "0.98", "size": "15.05"}, {"price": "0.97", "size": "100"}, {"price": "0.92", "size": "100"}, {"price": "0.91", "size": "7.76"}, {"price": "0.86", "size": "50"}, {"price": "0.8", "size": "200"}, {"price": "0.73", "size": "200"}, {"price": "0.66", "size": "100"}, {"price": "0.51", "size": "1002"}, {"price": "0.5", "size": "1000"}, {"price": "0.15", "size": "1185.33"}, {"price": "0.14", "size": "3032"}], "event_type": "book", "last_trade_price": "0.120"}, {"market": "0x4410aca3a0fc9b5f50da0ac3232fe3d7796effe673697e4de80e63c3f850e2b6", "asset_id": "66849841204764556934696568105307233935402465549434266880831999866159134523664", "timestamp": "1769384037408", "hash": "b6571eb017b5bf797bfea0c20b3021f2337e99db", "bids": [{"price": "0.001", "size": "1534.07"}, {"price": "0.002", "size": "22.29"}, {"price": "0.01", "size": "50"}, {"price": "0.011", "size": "8.38"}, {"price": "0.03", "size": "1100"}, {"price": "0.031", "size": "8.35"}, {"price": "0.08", "size": "600"}, {"price": "0.1", "size": "10"}, {"price": "0.101", "size": "5.93"}, {"price": "0.14", "size": "50"}, {"price": "0.2", "size": "400"}, {"price": "0.27", "size": "200"}, {"price": "0.36", "size": "4344"}, {"price": "0.39", "size": "3386.5"}, {"price": "0.42", "size": "2567.5"}, {"price": "0.45", "size": "1776.25"}, {"price": "0.48", "size": "1005"}, {"price": "0.49", "size": "1002"}, {"price": "0.5", "size": "1117.49"}, {"price": "0.6", "size": "166.66"}, {"price": "0.85", "size": "5"}, {"price": "0.91", "size": "50"}, {"price": "0.92", "size": "100"}, {"price": "0.93", "size": "209"}, {"price": "0.94", "size": "344.22"}, {"price": "0.95", "size": "227"}, {"price": "0.962", "size": "555"}, {"price": "0.966", "size": "582"}, {"price": "0.968", "size": "1034"}, {"price": "0.969", "size": "380.84"}, {"price": "0.975", "size": "295.21"}], "asks": [{"price": "0.999", "size": "2928.99"}, {"price": "0.998", "size": "29.44"}, {"price": "0.997", "size": "100"}, {"price": "0.996", "size": "14.57"}, {"price": "0.995", "size": "200"}, {"price": "0.994", "size": "9.62"}, {"price": "0.993", "size": "100"}, {"price": "0.992", "size": "10.69"}, {"price": "0.99", "size": "22257"}, {"price": "0.989", "size": "10.11"}, {"price": "0.985", "size": "3950"}, {"price": "0.984", "size": "14.91"}, {"price": "0.98", "size": "153599"}, {"price": "0.979", "size": "39.78"}], "event_type": "book", "last_trade_price": "0.025"}, {"market": "0x9068c5781252e5fc4380f412caa2c6a28b6e8aec6b13b2c8d07b6edc15b5524a", "asset_id": "69044625723365598578357499395648334183014549093427659659088778236818226359455", "timestamp": "1769383602107", "hash": "185b66f1ff580b38265fb66e6e2bae15f9793bca", "bids": [{"price": "0.01", "size": "69.71"}, {"price": "0.02", "size": "19.63"}], "asks": [{"price": "0.99", "size": "70.64"}, {"price": "0.98", "size": "24.63"}], "event_type": "book", "last_trade_price": ""}, {"market": "0x11bda2a67b3bb7d25a2a85e66d961beb3a9b0ff5802383de4d8eb06958dfbd25", "asset_id": "77665482694312067404022284039307959317989785784901081226502318608952317108703", "timestamp": "1769383975350", "hash": "d620cc49315449e8958f3e26acb50f4700fcd740", "bids": [{"price": "0.01", "size": "130"}, {"price": "0.02", "size": "39.54"}, {"price": "0.04", "size": "3847"}, {"price": "0.05", "size": "4260"}, {"price": "0.06", "size": "1045"}], "asks": [{"price": "0.99", "size": "50"}, {"price": "0.98", "size": "15.05"}, {"price": "0.97", "size": "100"}, {"price": "0.92", "size": "100"}, {"price": "0.91", "size": "7.76"}, {"price": "0.86", "size": "50"}, {"price": "0.8", "size": "200"}, {"price": "0.51", "size": "1002"}, {"price": "0.5", "size": "1000"}, {"price": "0.09", "size": "100"}, {"price": "0.08", "size": "711"}], "event_type": "book", "last_trade_price": "0.070"}, {"market": "0x2e682de014b1107bbbe99b51fda0bd738e06be920b206ca2155c176e526d0b71", "asset_id": "66478363277733429083385177739383520176384178209951838647499870568419447942296", "timestamp": "1769383975346", "hash": "10e29aed06537f3790ebe05282ae00f2e91a7de9", "bids": [{"price": "0.01", "size": "50"}, {"price": "0.02", "size": "5.29"}, {"price": "0.03", "size": "100"}, {"price": "0.04", "size": "22.35"}, {"price": "0.22", "size": "2466"}, {"price": "0.25", "size": "1914.25"}, {"price": "0.28", "size": "1420"}, {"price": "0.31", "size": "964.25"}, {"price": "0.34", "size": "538"}, {"price": "0.35", "size": "534"}, {"price": "0.36", "size": "1895.5"}], "asks": [{"price": "0.99", "size": "64.69"}, {"price": "0.97", "size": "100"}, {"price": "0.96", "size": "5.02"}, {"price": "0.92", "size": "100"}, {"price": "0.91", "size": "7.24"}, {"price": "0.64", "size": "2122"}, {"price": "0.61", "size": "1693.25"}, {"price": "0.58", "size": "1283.75"}, {"price": "0.55", "size": "888.12"}, {"price": "0.52", "size": "502.5"}, {"price": "0.51", "size": "501"}, {"price": "0.5", "size": "500"}, {"price": "0.42", "size": "339"}], "event_type": "book", "last_trade_price": ""}, {"market": "0x39f23c8557c2b7bd43fe494d148c5388d6c77c74de39423a926641b7395a81d9", "asset_id": "8784603573267379459118988023146346245439703308938807910973509681648916918498", "timestamp": "1769383600158", "hash": "0091ccc34318178ce2a35aa79417b59a2aa0e7b0", "bids": [{"price": "0.01", "size": "70.64"}, {"price": "0.02", "size": "24.63"}], "asks": [{"price": "0.99", "size": "70.64"}, {"price": "0.98", "size": "19.16"}], "event_type": "book", "last_trade_price": ""}, {"market": "0x9068c5781252e5fc4380f412caa2c6a28b6e8aec6b13b2c8d07b6edc15b5524a", "asset_id": "110239185460772098249406874549592644350324958860713353157655860953696379533021", "timestamp": "1769383602107", "hash": "229f30ee9f6ed383a333236bac93290358bcb99a", "bids": [{"price": "0.01", "size": "70.64"}, {"price": "0.02", "size": "24.63"}], "asks": [{"price": "0.99", "size": "69.71"}, {"price": "0.98", "size": "19.63"}], "event_type": "book", "last_trade_price": ""}, {"market": "0x78ddd77cfdc396a878fe50e97962a8e7c1f269dde81f31e4ac61c590ef2ec8c2", "asset_id": "23417215001653764512108084679075662722256925089884328556057093714727013903746", "timestamp": "1769383602107", "hash": "14ca7e4ce83ad35b4342b2ac3f830efeb07e029a", "bids": [{"price": "0.01", "size": "70.64"}, {"price": "0.02", "size": "24.63"}], "asks": [{"price": "0.99", "size": "69.71"}, {"price": "0.98", "size": "19.63"}], "event_type": "book", "last_trade_price": ""}, {"market": "0x39f23c8557c2b7bd43fe494d148c5388d6c77c74de39423a926641b7395a81d9", "asset_id": "110082936973118695921702924406111796337479664549408524536441428488656067605508", "timestamp": "1769383600158", "hash": "45e1cba6075a50fac4c855b87b838718e5e633d0", "bids": [{"price": "0.01", "size": "70.64"}, {"price": "0.02", "size": "19.16"}], "asks": [{"price": "0.99", "size": "70.64"}, {"price": "0.98", "size": "24.63"}], "event_type": "book", "last_trade_price": ""}, {"market": "0x6535b5298489fb13dbd8ccd8e159c863fc5f200bfa0fa54f42a4522277421bae", "asset_id": "7877543056363159509921869877511237484906584134343838187388167251287924451427", "timestamp": "1769384059295", "hash": "b4aba910a54e0f77bfa865070826a3fcb2365097", "bids": [{"price": "0.01", "size": "50"}, {"price": "0.02", "size": "15.05"}, {"price": "0.03", "size": "100"}, {"price": "0.08", "size": "100"}, {"price": "0.09", "size": "7.76"}, {"price": "0.14", "size": "50"}, {"price": "0.2", "size": "200"}, {"price": "0.27", "size": "200"}, {"price": "0.34", "size": "100"}, {"price": "0.49", "size": "1002"}, {"price": "0.5", "size": "1000"}, {"price": "0.85", "size": "1185.33"}, {"price": "0.86", "size": "3032"}], "asks": [{"price": "0.99", "size": "80.92"}, {"price": "0.98", "size": "25.17"}, {"price": "0.91", "size": "4370"}, {"price": "0.9", "size": "5822"}, {"price": "0.89", "size": "1000"}], "event_type": "book", "last_trade_price": "0.120"}]}
{"_local_timestamp": "2026-01-25T23:34:21.064820+00:00", "data": {"market": "0x6535b5298489fb13dbd8ccd8e159c863fc5f200bfa0fa54f42a4522277421bae", "price_changes": [{"asset_id": "70434658428379999369252938904488849693086861442981639719364000205857607396973", "price": "0.01", "size": "62.2", "side": "BUY", "hash": "b79d09b4dc747837594fc64c8f5211f401b05d09", "best_bid": "0.11", "best_ask": "0.14"}, {"asset_id": "7877543056363159509921869877511237484906584134343838187388167251287924451427", "price": "0.99", "size": "62.2", "side": "SELL", "hash": "b06cc8858c22bb06cff5b3743204657c8946b09e", "best_bid": "0.86", "best_ask": "0.89"}], "timestamp": "1769384060998", "event_type": "price_change"}}
{"_local_timestamp": "2026-01-25T23:34:21.439948+00:00", "data": {"market": "0x6535b5298489fb13dbd8ccd8e159c863fc5f200bfa0fa54f42a4522277421bae", "price_changes": [{"asset_id": "70434658428379999369252938904488849693086861442981639719364000205857607396973", "price": "0.01", "size": "80.92", "side": "BUY", "hash": "b629250f06c42ee37a73b248d0335e69bb169cba", "best_bid": "0.11", "best_ask": "0.14"}, {"asset_id": "7877543056363159509921869877511237484906584134343838187388167251287924451427", "price": "0.99", "size": "80.92", "side": "SELL", "hash": "9a5e37b7cc3a35e10ced6e5a27ace71d2e351b01", "best_bid": "0.86", "best_ask": "0.89"}], "timestamp": "1769384061370", "event_type": "price_change"}}
{"_local_timestamp": "2026-01-25T23:34:21.441185+00:00", "data": {"market": "0x6535b5298489fb13dbd8ccd8e159c863fc5f200bfa0fa54f42a4522277421bae", "price_changes": [{"asset_id": "70434658428379999369252938904488849693086861442981639719364000205857607396973", "price": "0.01", "size": "99.64", "side": "BUY", "hash": "c25823cb33c58df163d95ca773f0a2a80e569b40", "best_bid": "0.11", "best_ask": "0.14"}, {"asset_id": "7877543056363159509921869877511237484906584134343838187388167251287924451427", "price": "0.99", "size": "99.64", "side": "SELL", "hash": "f2b3719897c5cf79f51f75bb402c95ad1cea13f2", "best_bid": "0.86", "best_ask": "0.89"}], "timestamp": "1769384061371", "event_type": "price_change"}}
{"_local_timestamp": "2026-01-25T23:34:24.388997+00:00", "data": {"market": "0x6535b5298489fb13dbd8ccd8e159c863fc5f200bfa0fa54f42a4522277421bae", "price_changes": [{"asset_id": "70434658428379999369252938904488849693086861442981639719364000205857607396973", "price": "0.01", "size": "80.92", "side": "BUY", "hash": "528c2f9333475a7d6902f737f4717cd6e68fae9a", "best_bid": "0.11", "best_ask": "0.14"}, {"asset_id": "7877543056363159509921869877511237484906584134343838187388167251287924451427", "price": "0.99", "size": "80.92", "side": "SELL", "hash": "0fb9c39c3fd4c4be22942deee63505b6561c21ad", "best_bid": "0.86", "best_ask": "0.89"}], "timestamp": "1769384064322", "event_type": "price_change"}}
{"_local_timestamp": "2026-01-25T23:34:24.812073+00:00", "data": {"market": "0x4410aca3a0fc9b5f50da0ac3232fe3d7796effe673697e4de80e63c3f850e2b6", "price_changes": [{"asset_id": "12960780696302692795365806171578964608567781021636713369142799408696231712351", "price": "0.016", "size": "6.18", "side": "BUY", "hash": "88b12696494028378ae142d4d8fc3ac19a92ed5c", "best_bid": "0.021", "best_ask": "0.025"}, {"asset_id": "66849841204764556934696568105307233935402465549434266880831999866159134523664", "price": "0.984", "size": "6.18", "side": "SELL", "hash": "84a5d2c268b8372c0288905ad27260a097fa4156", "best_bid": "0.975", "best_ask": "0.979"}], "timestamp": "1769384064743", "event_type": "price_change"}}
{"_local_timestamp": "2026-01-25T23:34:25.102186+00:00", "data": {"market": "0x4410aca3a0fc9b5f50da0ac3232fe3d7796effe673697e4de80e63c3f850e2b6", "price_changes": [{"asset_id": "12960780696302692795365806171578964608567781021636713369142799408696231712351", "price": "0.016", "size": "14.91", "side": "BUY", "hash": "63f6576f8e6f61461a86aa42e90a52885631c55a", "best_bid": "0.021", "best_ask": "0.025"}, {"asset_id": "66849841204764556934696568105307233935402465549434266880831999866159134523664", "price": "0.984", "size": "14.91", "side": "SELL", "hash": "a34265d23172d85f21ddefad0e5860f4d1850d21", "best_bid": "0.975", "best_ask": "0.979"}], "timestamp": "1769384065030", "event_type": "price_change"}}
{"_local_timestamp": "2026-01-25T23:34:26.120640+00:00", "data": {"market": "0x6535b5298489fb13dbd8ccd8e159c863fc5f200bfa0fa54f42a4522277421bae", "price_changes": [{"asset_id": "70434658428379999369252938904488849693086861442981639719364000205857607396973", "price": "0.01", "size": "62.2", "side": "BUY", "hash": "58735c60e3b9fb1fb19c562f60f03e787552bd29", "best_bid": "0.11", "best_ask": "0.14"}, {"asset_id": "7877543056363159509921869877511237484906584134343838187388167251287924451427", "price": "0.99", "size": "62.2", "side": "SELL", "hash": "1ecf573a1c87812eb35a245a97565a90d80216ca", "best_bid": "0.86", "best_ask": "0.89"}], "timestamp": "1769384066029", "event_type": "price_change"}}
{"_local_timestamp": "2026-01-25T23:34:26.359918+00:00", "data": {"market": "0x6535b5298489fb13dbd8ccd8e159c863fc5f200bfa0fa54f42a4522277421bae", "price_changes": [{"asset_id": "70434658428379999369252938904488849693086861442981639719364000205857607396973", "price": "0.02", "size": "34.53", "side": "BUY", "hash": "1c5d3567465f43a356aa1d4fdc04fb85835a1cd3", "best_bid": "0.11", "best_ask": "0.14"}, {"asset_id": "7877543056363159509921869877511237484906584134343838187388167251287924451427", "price": "0.98", "size": "34.53", "side": "SELL", "hash": "7bafa17dc023f88ca9893b472f4c60592076bb6d", "best_bid": "0.86", "best_ask": "0.89"}], "timestamp": "1769384066277", "event_type": "price_change"}}
{"_local_timestamp": "2026-01-25T23:34:26.363442+00:00", "data": {"market": "0x6535b5298489fb13dbd8ccd8e159c863fc5f200bfa0fa54f42a4522277421bae", "price_changes": [{"asset_id": "70434658428379999369252938904488849693086861442981639719364000205857607396973", "price": "0.02", "size": "43.89", "side": "BUY", "hash": "4ce488deec1a6bbbc7d7ca1823f1b0257cf6ec57", "best_bid": "0.11", "best_ask": "0.14"}, {"asset_id": "7877543056363159509921869877511237484906584134343838187388167251287924451427", "price": "0.98", "size": "43.89", "side": "SELL", "hash": "e25ef4a7ea952f2899fd24edbfcd48e6158e1eed", "best_bid": "0.86", "best_ask": "0.89"}], "timestamp": "1769384066279", "event_type": "price_change"}}
{"_local_timestamp": "2026-01-25T23:34:29.518145+00:00", "data": {"market": "0x6535b5298489fb13dbd8ccd8e159c863fc5f200bfa0fa54f42a4522277421bae", "price_changes": [{"asset_id": "70434658428379999369252938904488849693086861442981639719364000205857607396973", "price": "0.02", "size": "34.53", "side": "BUY", "hash": "a3421a57507dd5504800646274397f45a774ef0c", "best_bid": "0.11", "best_ask": "0.14"}, {"asset_id": "7877543056363159509921869877511237484906584134343838187388167251287924451427", "price": "0.98", "size": "34.53", "side": "SELL", "hash": "1bbbce3dfb7aa44dadce3f7c6c2aa0086a222d28", "best_bid": "0.86", "best_ask": "0.89"}], "timestamp": "1769384069451", "event_type": "price_change"}}
{"_local_timestamp": "2026-01-25T23:34:29.937043+00:00", "data": {"market": "0x6535b5298489fb13dbd8ccd8e159c863fc5f200bfa0fa54f42a4522277421bae", "price_changes": [{"asset_id": "70434658428379999369252938904488849693086861442981639719364000205857607396973", "price": "0.01", "size": "71.57", "side": "BUY", "hash": "0e158cd50583cee9842e13e8cd3eed5310271d0f", "best_bid": "0.11", "best_ask": "0.14"}, {"asset_id": "7877543056363159509921869877511237484906584134343838187388167251287924451427", "price": "0.99", "size": "71.57", "side": "SELL", "hash": "1a40a46c6ffd596aa3c7714eb01a689af1e1c047", "best_bid": "0.86", "best_ask": "0.89"}], "timestamp": "1769384069751", "event_type": "price_change"}}
{"_local_timestamp": "2026-01-25T23:34:29.937826+00:00", "data": {"market": "0x6535b5298489fb13dbd8ccd8e159c863fc5f200bfa0fa54f42a4522277421bae", "price_changes": [{"asset_id": "70434658428379999369252938904488849693086861442981639719364000205857607396973", "price": "0.01", "size": "80.94", "side": "BUY", "hash": "b20bdc0c8bc78c18c61fac0de36eb3533f9ecd76", "best_bid": "0.11", "best_ask": "0.14"}, {"asset_id": "7877543056363159509921869877511237484906584134343838187388167251287924451427", "price": "0.99", "size": "80.94", "side": "SELL", "hash": "f0d567ed931ba4996864bb474e5455a0bb89b273", "best_bid": "0.86", "best_ask": "0.89"}], "timestamp": "1769384069752", "event_type": "price_change"}}
{"_local_timestamp": "2026-01-25T23:34:32.610373+00:00", "data": {"market": "0x6535b5298489fb13dbd8ccd8e159c863fc5f200bfa0fa54f42a4522277421bae", "price_changes": [{"asset_id": "70434658428379999369252938904488849693086861442981639719364000205857607396973", "price": "0.01", "size": "71.57", "side": "BUY", "hash": "3be8b70f0a52af8389cfe5ed98a95e369eb8b09b", "best_bid": "0.11", "best_ask": "0.14"}, {"asset_id": "7877543056363159509921869877511237484906584134343838187388167251287924451427", "price": "0.99", "size": "71.57", "side": "SELL", "hash": "234aa493fc3c48202f1d4ed88e13933f3256da0a", "best_bid": "0.86", "best_ask": "0.89"}], "timestamp": "1769384072537", "event_type": "price_change"}}
{"_local_timestamp": "2026-01-25T23:34:32.612199+00:00", "data": {"market": "0x6535b5298489fb13dbd8ccd8e159c863fc5f200bfa0fa54f42a4522277421bae", "price_changes": [{"asset_id": "70434658428379999369252938904488849693086861442981639719364000205857607396973", "price": "0.02", "size": "25.17", "side": "BUY", "hash": "3be8b70f0a52af8389cfe5ed98a95e369eb8b09b", "best_bid": "0.11", "best_ask": "0.14"}, {"asset_id": "7877543056363159509921869877511237484906584134343838187388167251287924451427", "price": "0.98", "size": "25.17", "side": "SELL", "hash": "234aa493fc3c48202f1d4ed88e13933f3256da0a", "best_bid": "0.86", "best_ask": "0.89"}], "timestamp": "1769384072537", "event_type": "price_change"}}
{"_local_timestamp": "2026-01-25T23:34:34.740188+00:00", "data": {"market": "0x6535b5298489fb13dbd8ccd8e159c863fc5f200bfa0fa54f42a4522277421bae", "price_changes": [{"asset_id": "70434658428379999369252938904488849693086861442981639719364000205857607396973", "price": "0.01", "size": "62.2", "side": "BUY", "hash": "7c813fa71f8d9aa21fa7c75003ce475db143ccae", "best_bid": "0.11", "best_ask": "0.14"}, {"asset_id": "7877543056363159509921869877511237484906584134343838187388167251287924451427", "price": "0.99", "size": "62.2", "side": "SELL", "hash": "19dbca5dc2e575c7c36757b216b26858cbd3bde9", "best_bid": "0.86", "best_ask": "0.89"}], "timestamp": "1769384074663", "event_type": "price_change"}}
{"_local_timestamp": "2026-01-25T23:34:35.031155+00:00", "data": {"market": "0x6535b5298489fb13dbd8ccd8e159c863fc5f200bfa0fa54f42a4522277421bae", "price_changes": [{"asset_id": "70434658428379999369252938904488849693086861442981639719364000205857607396973", "price": "0.01", "size": "80.92", "side": "BUY", "hash": "26e1ee84292c30bd969b43c0e59a3f28c00153a8", "best_bid": "0.11", "best_ask": "0.14"}, {"asset_id": "7877543056363159509921869877511237484906584134343838187388167251287924451427", "price": "0.99", "size": "80.92", "side": "SELL", "hash": "e66b7f9bf5048fde7e5e681fd298cbe609afdec5", "best_bid": "0.86", "best_ask": "0.89"}], "timestamp": "1769384074963", "event_type": "price_change"}}
{"_local_timestamp": "2026-01-25T23:34:35.031741+00:00", "data": {"market": "0x6535b5298489fb13dbd8ccd8e159c863fc5f200bfa0fa54f42a4522277421bae", "price_changes": [{"asset_id": "70434658428379999369252938904488849693086861442981639719364000205857607396973", "price": "0.01", "size": "99.64", "side": "BUY", "hash": "194fc6776220eb7c357ae0b086233477cacb9c2d", "best_bid": "0.11", "best_ask": "0.14"}, {"asset_id": "7877543056363159509921869877511237484906584134343838187388167251287924451427", "price": "0.99", "size": "99.64", "side": "SELL", "hash": "2ad3cd10814740173428d167fda5b7c2503c4912", "best_bid": "0.86", "best_ask": "0.89"}], "timestamp": "1769384074964", "event_type": "price_change"}}
{"_local_timestamp": "2026-01-25T23:34:37.689533+00:00", "data": {"market": "0x6535b5298489fb13dbd8ccd8e159c863fc5f200bfa0fa54f42a4522277421bae", "price_changes": [{"asset_id": "70434658428379999369252938904488849693086861442981639719364000205857607396973", "price": "0.01", "size": "80.92", "side": "BUY", "hash": "b24e1d134d5ee505ba13511e6bb11d373394cbc3", "best_bid": "0.11", "best_ask": "0.14"}, {"asset_id": "7877543056363159509921869877511237484906584134343838187388167251287924451427", "price": "0.99", "size": "80.92", "side": "SELL", "hash": "7cda953753d93fe759e2c6b5bc3d9531ce389238", "best_bid": "0.86", "best_ask": "0.89"}], "timestamp": "1769384077619", "event_type": "price_change"}}
{"_local_timestamp": "2026-01-25T23:34:41.117947+00:00", "data": {"market": "0x6535b5298489fb13dbd8ccd8e159c863fc5f200bfa0fa54f42a4522277421bae", "price_changes": [{"asset_id": "70434658428379999369252938904488849693086861442981639719364000205857607396973", "price": "0.01", "size": "62.2", "side": "BUY", "hash": "137ebedc1ca3270080518f461247af269fbc490a", "best_bid": "0.11", "best_ask": "0.14"}, {"asset_id": "7877543056363159509921869877511237484906584134343838187388167251287924451427", "price": "0.99", "size": "62.2", "side": "SELL", "hash": "b13ce61c3a6f3fb62b63c097aa5b285730e7d85b", "best_bid": "0.86", "best_ask": "0.89"}], "timestamp": "1769384081043", "event_type": "price_change"}}
{"_local_timestamp": "2026-01-25T23:34:41.622044+00:00", "data": {"market": "0x6535b5298489fb13dbd8ccd8e159c863fc5f200bfa0fa54f42a4522277421bae", "price_changes": [{"asset_id": "70434658428379999369252938904488849693086861442981639719364000205857607396973", "price": "0.01", "size": "80.92", "side": "BUY", "hash": "8922792afc2e67be4223920aa464e8dde84b4ce6", "best_bid": "0.11", "best_ask": "0.14"}, {"asset_id": "7877543056363159509921869877511237484906584134343838187388167251287924451427", "price": "0.99", "size": "80.92", "side": "SELL", "hash": "f5b09ff5e6c8faae5fac09471876167774932494", "best_bid": "0.86", "best_ask": "0.89"}], "timestamp": "1769384081480", "event_type": "price_change"}}
{"_local_timestamp": "2026-01-25T23:34:41.622539+00:00", "data": {"market": "0x6535b5298489fb13dbd8ccd8e159c863fc5f200bfa0fa54f42a4522277421bae", "price_changes": [{"asset_id": "70434658428379999369252938904488849693086861442981639719364000205857607396973", "price": "0.01", "size": "99.64", "side": "BUY", "hash": "5a17768ceb460aedf7af03861ed89cb3756e185a", "best_bid": "0.11", "best_ask": "0.14"}, {"asset_id": "7877543056363159509921869877511237484906584134343838187388167251287924451427", "price": "0.99", "size": "99.64", "side": "SELL", "hash": "693b0c4df54ec0e0f7272fb62b3842ea1dd29b95", "best_bid": "0.86", "best_ask": "0.89"}], "timestamp": "1769384081481", "event_type": "price_change"}}
{"_local_timestamp": "2026-01-25T23:34:44.414371+00:00", "data": {"market": "0x6535b5298489fb13dbd8ccd8e159c863fc5f200bfa0fa54f42a4522277421bae", "price_changes": [{"asset_id": "70434658428379999369252938904488849693086861442981639719364000205857607396973", "price": "0.01", "size": "80.92", "side": "BUY", "hash": "c531f0883286fc8b11ebeb0af174d9a4e91625cb", "best_bid": "0.11", "best_ask": "0.14"}, {"asset_id": "7877543056363159509921869877511237484906584134343838187388167251287924451427", "price": "0.99", "size": "80.92", "side": "SELL", "hash": "552d48d2277a87defd4f6ebbf17e5dc08d45c7cb", "best_bid": "0.86", "best_ask": "0.89"}], "timestamp": "1769384084332", "event_type": "price_change"}}
{"_local_timestamp": "2026-01-25T23:34:47.258419+00:00", "data": {"market": "0x6535b5298489fb13dbd8ccd8e159c863fc5f200bfa0fa54f42a4522277421bae", "price_changes": [{"asset_id": "70434658428379999369252938904488849693086861442981639719364000205857607396973", "price": "0.01", "size": "62.2", "side": "BUY", "hash": "5e2aa36e43f928ca6186b94156f3c12079c4219a", "best_bid": "0.11", "best_ask": "0.14"}, {"asset_id": "7877543056363159509921869877511237484906584134343838187388167251287924451427", "price": "0.99", "size": "62.2", "side": "SELL", "hash": "c0fc547685a042f3cec730b2ffe48fdb20938d14", "best_bid": "0.86", "best_ask": "0.89"}], "timestamp": "1769384087194", "event_type": "price_change"}}
{"_local_timestamp": "2026-01-25T23:34:47.664693+00:00", "data": {"market": "0x6535b5298489fb13dbd8ccd8e159c863fc5f200bfa0fa54f42a4522277421bae", "price_changes": [{"asset_id": "70434658428379999369252938904488849693086861442981639719364000205857607396973", "price": "0.01", "size": "80.92", "side": "BUY", "hash": "13e8c7f6907d0ae20f6ae41862777105de038a95", "best_bid": "0.11", "best_ask": "0.14"}, {"asset_id": "7877543056363159509921869877511237484906584134343838187388167251287924451427", "price": "0.99", "size": "80.92", "side": "SELL", "hash": "303a341385f3ac0e3c2c0cbf222d9855b49629f0", "best_bid": "0.86", "best_ask": "0.89"}], "timestamp": "1769384087601", "event_type": "price_change"}}
{"_local_timestamp": "2026-01-25T23:34:47.669246+00:00", "data": {"market": "0x6535b5298489fb13dbd8ccd8e159c863fc5f200bfa0fa54f42a4522277421bae", "price_changes": [{"asset_id": "70434658428379999369252938904488849693086861442981639719364000205857607396973", "price": "0.01", "size": "99.64", "side": "BUY", "hash": "c5cd76ba3e06ae3712a61ce11026385e85c88e8d", "best_bid": "0.11", "best_ask": "0.14"}, {"asset_id": "7877543056363159509921869877511237484906584134343838187388167251287924451427", "price": "0.99", "size": "99.64", "side": "SELL", "hash": "1b5a3e1b068bff464a5cf867cb8efe48dfc676c5", "best_bid": "0.86", "best_ask": "0.89"}], "timestamp": "1769384087602", "event_type": "price_change"}}
{"_local_timestamp": "2026-01-25T23:34:48.881615+00:00", "data": {"market": "0x4410aca3a0fc9b5f50da0ac3232fe3d7796effe673697e4de80e63c3f850e2b6", "price_changes": [{"asset_id": "12960780696302692795365806171578964608567781021636713369142799408696231712351", "price": "0.016", "size": "6.18", "side": "BUY", "hash": "01e88ba37a958e95ce31739dc7726c9047be56de", "best_bid": "0.021", "best_ask": "0.025"}, {"asset_id": "66849841204764556934696568105307233935402465549434266880831999866159134523664", "price": "0.984", "size": "6.18", "side": "SELL", "hash": "9ab0db84e8fbbe6486574e0fe40c544b3724f337", "best_bid": "0.975", "best_ask": "0.979"}], "timestamp": "1769384088797", "event_type": "price_change"}}
{"_local_timestamp": "2026-01-25T23:34:49.166968+00:00", "data": {"market": "0x4410aca3a0fc9b5f50da0ac3232fe3d7796effe673697e4de80e63c3f850e2b6", "price_changes": [{"asset_id": "12960780696302692795365806171578964608567781021636713369142799408696231712351", "price": "0.016", "size": "14.91", "side": "BUY", "hash": "2f981c0df53e91f9f40ee908c1a664b38b3e5dba", "best_bid": "0.021", "best_ask": "0.025"}, {"asset_id": "66849841204764556934696568105307233935402465549434266880831999866159134523664", "price": "0.984", "size": "14.91", "side": "SELL", "hash": "7bab7d2a4f47e422e4ed18359ac1b9df299cb9b5", "best_bid": "0.975", "best_ask": "0.979"}], "timestamp": "1769384089087", "event_type": "price_change"}}
{"_local_timestamp": "2026-01-25T23:34:50.584846+00:00", "data": {"market": "0x6535b5298489fb13dbd8ccd8e159c863fc5f200bfa0fa54f42a4522277421bae", "price_changes": [{"asset_id": "70434658428379999369252938904488849693086861442981639719364000205857607396973", "price": "0.01", "size": "80.92", "side": "BUY", "hash": "a254ffaf39d7276825d1344b18f4321479952b2f", "best_bid": "0.11", "best_ask": "0.14"}, {"asset_id": "7877543056363159509921869877511237484906584134343838187388167251287924451427", "price": "0.99", "size": "80.92", "side": "SELL", "hash": "c1db687645981a03b133d7e3dccee3cc8b66899b", "best_bid": "0.86", "best_ask": "0.89"}], "timestamp": "1769384090516", "event_type": "price_change"}}
{"_local_timestamp": "2026-01-25T23:34:51.448753+00:00", "data": {"market": "0x6535b5298489fb13dbd8ccd8e159c863fc5f200bfa0fa54f42a4522277421bae", "price_changes": [{"asset_id": "70434658428379999369252938904488849693086861442981639719364000205857607396973", "price": "0.01", "size": "62.2", "side": "BUY", "hash": "3ee8ef7606abf1e0094efd62006cc7dbb498c12d", "best_bid": "0.11", "best_ask": "0.14"}, {"asset_id": "7877543056363159509921869877511237484906584134343838187388167251287924451427", "price": "0.99", "size": "62.2", "side": "SELL", "hash": "2680fa20a4c45b79006afa0f90866f3f81b8e7fe", "best_bid": "0.86", "best_ask": "0.89"}], "timestamp": "1769384091384", "event_type": "price_change"}}
{"_local_timestamp": "2026-01-25T23:34:51.757233+00:00", "data": {"market": "0x6535b5298489fb13dbd8ccd8e159c863fc5f200bfa0fa54f42a4522277421bae", "price_changes": [{"asset_id": "70434658428379999369252938904488849693086861442981639719364000205857607396973", "price": "0.01", "size": "80.92", "side": "BUY", "hash": "2a795cd827e9e78e1c01df3d7075375a9fa98b1d", "best_bid": "0.11", "best_ask": "0.14"}, {"asset_id": "7877543056363159509921869877511237484906584134343838187388167251287924451427", "price": "0.99", "size": "80.92", "side": "SELL", "hash": "32554ac7eb96121fee16c4ccf3531a73d5242a1c", "best_bid": "0.86", "best_ask": "0.89"}], "timestamp": "1769384091691", "event_type": "price_change"}}
{"_local_timestamp": "2026-01-25T23:34:51.757618+00:00", "data": {"market": "0x6535b5298489fb13dbd8ccd8e159c863fc5f200bfa0fa54f42a4522277421bae", "price_changes": [{"asset_id": "70434658428379999369252938904488849693086861442981639719364000205857607396973", "price": "0.01", "size": "99.64", "side": "BUY", "hash": "42763b2785b8eec85965aec5d40f2bf07757fba4", "best_bid": "0.11", "best_ask": "0.14"}, {"asset_id": "7877543056363159509921869877511237484906584134343838187388167251287924451427", "price": "0.99", "size": "99.64", "side": "SELL", "hash": "303d1747cc237c69d9bd6d15fa7d5e4179c78c76", "best_bid": "0.86", "best_ask": "0.89"}], "timestamp": "1769384091692", "event_type": "price_change"}}
{"_local_timestamp": "2026-01-25T23:34:55.492898+00:00", "data": {"market": "0x6535b5298489fb13dbd8ccd8e159c863fc5f200bfa0fa54f42a4522277421bae", "price_changes": [{"asset_id": "70434658428379999369252938904488849693086861442981639719364000205857607396973", "price": "0.01", "size": "80.92", "side": "BUY", "hash": "873c05e1ce910dc0e03229bc409e1376287c4a80", "best_bid": "0.11", "best_ask": "0.14"}, {"asset_id": "7877543056363159509921869877511237484906584134343838187388167251287924451427", "price": "0.99", "size": "80.92", "side": "SELL", "hash": "c3cc423f29120fa82d5dce36dfb72bec433c719d", "best_bid": "0.86", "best_ask": "0.89"}], "timestamp": "1769384095426", "event_type": "price_change"}}
{"_local_timestamp": "2026-01-25T23:34:55.704714+00:00", "data": {"market": "0x2e682de014b1107bbbe99b51fda0bd738e06be920b206ca2155c176e526d0b71", "price_changes": [{"asset_id": "66478363277733429083385177739383520176384178209951838647499870568419447942296", "price": "0.36", "size": "2895.5", "side": "BUY", "hash": "64115c607dc299215c1bfc5c769a02d06040cd68", "best_bid": "0.36", "best_ask": "0.42"}, {"asset_id": "72722740413428991232476199440482616266848807562551171262643304997471835041335", "price": "0.64", "size": "2895.5", "side": "SELL", "hash": "d7ce4c2804934de3914d36fd551bd0efac4a47cd", "best_bid": "0.58", "best_ask": "0.64"}], "timestamp": "1769384095633", "event_type": "price_change"}}
{"_local_timestamp": "2026-01-25T23:34:55.706995+00:00", "data": {"market": "0x6535b5298489fb13dbd8ccd8e159c863fc5f200bfa0fa54f42a4522277421bae", "price_changes": [{"asset_id": "70434658428379999369252938904488849693086861442981639719364000205857607396973", "price": "0.11", "size": "2000", "side": "BUY", "hash": "434153b864f78e3976f8a230f8e1cd74be73ea8d", "best_bid": "0.11", "best_ask": "0.14"}, {"asset_id": "7877543056363159509921869877511237484906584134343838187388167251287924451427", "price": "0.89", "size": "2000", "side": "SELL", "hash": "73c074063a8c7085e87c0af6f8d5bc42a563ab3d", "best_bid": "0.86", "best_ask": "0.89"}], "timestamp": "1769384095635", "event_type": "price_change"}}
{"_local_timestamp": "2026-01-25T23:34:55.707503+00:00", "data": {"market": "0x0f39b07d28636179805c9d158e9e191204960b87e6a86eac4d2030fd5d027e0f", "price_changes": [{"asset_id": "33008712146240511401124961944195755274706723935095526526368468739543840310570", "price": "0.06", "size": "2005.47", "side": "BUY", "hash": "5e3e39441ceec80859277779a9b4ac47ed058ef3", "best_bid": "0.06", "best_ask": "0.98"}, {"asset_id": "87765154917908111244501366665592855608056290890588349234922552262157630841567", "price": "0.94", "size": "2005.47", "side": "SELL", "hash": "b93bd29529826af84f3a376d9be1a1b2beab2308", "best_bid": "0.02", "best_ask": "0.94"}], "timestamp": "1769384095638", "event_type": "price_change"}}
{"_local_timestamp": "2026-01-25T23:34:55.712683+00:00", "data": {"market": "0x00fddaa30ddb3cc291538dfa0210d67076fa62432b3cb611549ab8bcbefa184a", "price_changes": [{"asset_id": "25963108714775085023598215698432130621757600397959437017516275975394672153097", "price": "0.06", "size": "2005.47", "side": "BUY", "hash": "9d96907fa63ef9e4106a5be84d695f3d46d4d8af", "best_bid": "0.06", "best_ask": "0.98"}, {"asset_id": "96555176248762849114270743363922933340416514524866137208841389885251645488330", "price": "0.94", "size": "2005.47", "side": "SELL", "hash": "e5b8af7f37c7d4dc82523134f6d14ee6fbd42209", "best_bid": "0.02", "best_ask": "0.94"}], "timestamp": "1769384095638", "event_type": "price_change"}}
{"_local_timestamp": "2026-01-25T23:34:55.713207+00:00", "data": {"market": "0x11bda2a67b3bb7d25a2a85e66d961beb3a9b0ff5802383de4d8eb06958dfbd25", "price_changes": [{"asset_id": "77665482694312067404022284039307959317989785784901081226502318608952317108703", "price": "0.06", "size": "2040", "side": "BUY", "hash": "ce90016350c0a2afde64061cf2025e6dda80f3fe", "best_bid": "0.06", "best_ask": "0.08"}, {"asset_id": "59946420638527075068094017657007439046680089185161119140821135355801195106706", "price": "0.94", "size": "2040", "side": "SELL", "hash": "c8c6f7201279cb08225d975f61e077ddb02a7c80", "best_bid": "0.92", "best_ask": "0.94"}], "timestamp": "1769384095641", "event_type": "price_change"}}
{"_local_timestamp": "2026-01-25T23:34:56.085690+00:00", "data": {"market": "0x00fddaa30ddb3cc291538dfa0210d67076fa62432b3cb611549ab8bcbefa184a", "price_changes": [{"asset_id": "25963108714775085023598215698432130621757600397959437017516275975394672153097", "price": "0.06", "size": "1005.47", "side": "BUY", "hash": "e0fc58e622036388941b5a04b8fe0c0b28bcf8d5", "best_bid": "0.06", "best_ask": "0.98"}, {"asset_id": "96555176248762849114270743363922933340416514524866137208841389885251645488330", "price": "0.94", "size": "1005.47", "side": "SELL", "hash": "760d312642366178dc546083986e5d4b50462a10", "best_bid": "0.02", "best_ask": "0.94"}], "timestamp": "1769384096002", "event_type": "price_change"}}
{"_local_timestamp": "2026-01-25T23:34:56.088465+00:00", "data": {"market": "0x11bda2a67b3bb7d25a2a85e66d961beb3a9b0ff5802383de4d8eb06958dfbd25", "price_changes": [{"asset_id": "77665482694312067404022284039307959317989785784901081226502318608952317108703", "price": "0.06", "size": "1045", "side": "BUY", "hash": "4d9e8a99b6ed4c906f13bd2de5a6699763325e29", "best_bid": "0.06", "best_ask": "0.08"}, {"asset_id": "59946420638527075068094017657007439046680089185161119140821135355801195106706", "price": "0.94", "size": "1045", "side": "SELL", "hash": "877d2e1d5b641f612f4ed72906ecbe5dd110f135", "best_bid": "0.92", "best_ask": "0.94"}], "timestamp": "1769384096003", "event_type": "price_change"}}
{"_local_timestamp": "2026-01-25T23:34:56.097182+00:00", "data": {"market": "0x2e682de014b1107bbbe99b51fda0bd738e06be920b206ca2155c176e526d0b71", "price_changes": [{"asset_id": "66478363277733429083385177739383520176384178209951838647499870568419447942296", "price": "0.36", "size": "1895.5", "side": "BUY", "hash": "ef1259a3dd02fdddb981e4ba6128ac724f8dc4d7", "best_bid": "0.36", "best_ask": "0.42"}, {"asset_id": "72722740413428991232476199440482616266848807562551171262643304997471835041335", "price": "0.64", "size": "1895.5", "side": "SELL", "hash": "585ba816bd6d9ae243c3adee38271780205f6bfc", "best_bid": "0.58", "best_ask": "0.64"}], "timestamp": "1769384096004", "event_type": "price_change"}}
{"_local_timestamp": "2026-01-25T23:34:56.120710+00:00", "data": {"market": "0x0f39b07d28636179805c9d158e9e191204960b87e6a86eac4d2030fd5d027e0f", "price_changes": [{"asset_id": "33008712146240511401124961944195755274706723935095526526368468739543840310570", "price": "0.06", "size": "1005.47", "side": "BUY", "hash": "ecbfbee117327f8d0f37943d36d825196250cad4", "best_bid": "0.06", "best_ask": "0.98"}, {"asset_id": "87765154917908111244501366665592855608056290890588349234922552262157630841567", "price": "0.94", "size": "1005.47", "side": "SELL", "hash": "77cc92c5ae692472f4ae45cee65d775315b94bb7", "best_bid": "0.02", "best_ask": "0.94"}], "timestamp": "1769384096007", "event_type": "price_change"}}
{"_local_timestamp": "2026-01-25T23:34:56.129668+00:00", "data": {"market": "0x6535b5298489fb13dbd8ccd8e159c863fc5f200bfa0fa54f42a4522277421bae", "price_changes": [{"asset_id": "70434658428379999369252938904488849693086861442981639719364000205857607396973", "price": "0.11", "size": "1000", "side": "BUY", "hash": "d88e82d26a7abbd2fb8bca0f5748ff53102ff47d", "best_bid": "0.11", "best_ask": "0.14"}, {"asset_id": "7877543056363159509921869877511237484906584134343838187388167251287924451427", "price": "0.89", "size": "1000", "side": "SELL", "hash": "025c80694106afafbab64f7ee6a86543788e10d5", "best_bid": "0.86", "best_ask": "0.89"}], "timestamp": "1769384096009", "event_type": "price_change"}}
{"_local_timestamp": "2026-01-25T23:34:57.650353+00:00", "data": {"market": "0x6535b5298489fb13dbd8ccd8e159c863fc5f200bfa0fa54f42a4522277421bae", "price_changes": [{"asset_id": "70434658428379999369252938904488849693086861442981639719364000205857607396973", "price": "0.01", "size": "62.2", "side": "BUY", "hash": "3d9c2cfd37582f934dd4940ea62b62cc65ef787a", "best_bid": "0.11", "best_ask": "0.14"}, {"asset_id": "7877543056363159509921869877511237484906584134343838187388167251287924451427", "price": "0.99", "size": "62.2", "side": "SELL", "hash": "54827c304937c5bc1a2d2951552f5c413a3be04e", "best_bid": "0.86", "best_ask": "0.89"}], "timestamp": "1769384097579", "event_type": "price_change"}}
{"_local_timestamp": "2026-01-25T23:34:57.961465+00:00", "data": {"market": "0x6535b5298489fb13dbd8ccd8e159c863fc5f200bfa0fa54f42a4522277421bae", "price_changes": [{"asset_id": "70434658428379999369252938904488849693086861442981639719364000205857607396973", "price": "0.01", "size": "80.92", "side": "BUY", "hash": "0213167ce099ef7165a0807227296deab54be2c6", "best_bid": "0.11", "best_ask": "0.14"}, {"asset_id": "7877543056363159509921869877511237484906584134343838187388167251287924451427", "price": "0.99", "size": "80.92", "side": "SELL", "hash": "2a869ec9ab181130ff7af7674f2f44d687e119c9", "best_bid": "0.86", "best_ask": "0.89"}], "timestamp": "1769384097872", "event_type": "price_change"}}
{"_local_timestamp": "2026-01-25T23:34:57.962026+00:00", "data": {"market": "0x6535b5298489fb13dbd8ccd8e159c863fc5f200bfa0fa54f42a4522277421bae", "price_changes": [{"asset_id": "70434658428379999369252938904488849693086861442981639719364000205857607396973", "price": "0.01", "size": "99.64", "side": "BUY", "hash": "e1d3cd55862c15e6790a008fe6096daa47e4a537", "best_bid": "0.11", "best_ask": "0.14"}, {"asset_id": "7877543056363159509921869877511237484906584134343838187388167251287924451427", "price": "0.99", "size": "99.64", "side": "SELL", "hash": "e30377295e861fb34cbc404b1e41081102b2035a", "best_bid": "0.86", "best_ask": "0.89"}], "timestamp": "1769384097873", "event_type": "price_change"}}
{"_local_timestamp": "2026-01-25T23:35:03.376505+00:00", "data": {"market": "0x6535b5298489fb13dbd8ccd8e159c863fc5f200bfa0fa54f42a4522277421bae", "price_changes": [{"asset_id": "70434658428379999369252938904488849693086861442981639719364000205857607396973", "price": "0.01", "size": "80.92", "side": "BUY", "hash": "abbbcee3cf815cb3108d60368f48f96e49ffe8bb", "best_bid": "0.11", "best_ask": "0.14"}, {"asset_id": "7877543056363159509921869877511237484906584134343838187388167251287924451427", "price": "0.99", "size": "80.92", "side": "SELL", "hash": "4e9f61965b91bb194fac12b69cd0ef6210727867", "best_bid": "0.86", "best_ask": "0.89"}], "timestamp": "1769384103236", "event_type": "price_change"}}
{"_local_timestamp": "2026-01-25T23:35:04.153573+00:00", "data": {"market": "0x11bda2a67b3bb7d25a2a85e66d961beb3a9b0ff5802383de4d8eb06958dfbd25", "price_changes": [{"asset_id": "59946420638527075068094017657007439046680089185161119140821135355801195106706", "price": "0.92", "size": "100", "side": "BUY", "hash": "461e6824ec665fd79517a5d0b3932858f6754aed", "best_bid": "0.92", "best_ask": "0.94"}, {"asset_id": "77665482694312067404022284039307959317989785784901081226502318608952317108703", "price": "0.08", "size": "100", "side": "SELL", "hash": "1b2309c137b5783295ca5193a517cb8a45f4d667", "best_bid": "0.06", "best_ask": "0.08"}], "timestamp": "1769384104001", "event_type": "price_change"}}
{"_local_timestamp": "2026-01-25T23:35:04.333754+00:00", "data": {"market": "0x11bda2a67b3bb7d25a2a85e66d961beb3a9b0ff5802383de4d8eb06958dfbd25", "price_changes": [{"asset_id": "59946420638527075068094017657007439046680089185161119140821135355801195106706", "price": "0.92", "size": "711", "side": "BUY", "hash": "3ce2cc1153930fb71a67856a941166d5f4676efb", "best_bid": "0.92", "best_ask": "0.94"}, {"asset_id": "77665482694312067404022284039307959317989785784901081226502318608952317108703", "price": "0.08", "size": "711", "side": "SELL", "hash": "b74dc1e6076c7dadb6f385b3864a1d750a7605d6", "best_bid": "0.06", "best_ask": "0.08"}], "timestamp": "1769384104181", "event_type": "price_change"}}
{"_local_timestamp": "2026-01-25T23:35:05.156302+00:00", "data": {"market": "0x6535b5298489fb13dbd8ccd8e159c863fc5f200bfa0fa54f42a4522277421bae", "price_changes": [{"asset_id": "7877543056363159509921869877511237484906584134343838187388167251287924451427", "price": "0.86", "size": "852", "side": "BUY", "hash": "707f1ed70590801814c30e4b7723f007d64d0b4a", "best_bid": "0.86", "best_ask": "0.89"}, {"asset_id": "70434658428379999369252938904488849693086861442981639719364000205857607396973", "price": "0.14", "size": "852", "side": "SELL", "hash": "1493499ae51d9e499721c523213403d609a31b62", "best_bid": "0.11", "best_ask": "0.14"}], "timestamp": "1769384105000", "event_type": "price_change"}}
{"_local_timestamp": "2026-01-25T23:35:05.310589+00:00", "data": {"market": "0x6535b5298489fb13dbd8ccd8e159c863fc5f200bfa0fa54f42a4522277421bae", "price_changes": [{"asset_id": "7877543056363159509921869877511237484906584134343838187388167251287924451427", "price": "0.86", "size": "3032", "side": "BUY", "hash": "585b66e44af4ac24d583d54399922ebdd398fd28", "best_bid": "0.86", "best_ask": "0.89"}, {"asset_id": "70434658428379999369252938904488849693086861442981639719364000205857607396973", "price": "0.14", "size": "3032", "side": "SELL", "hash": "0eba6df034495a19de5dacd561d83d7e9c15adde", "best_bid": "0.11", "best_ask": "0.14"}], "timestamp": "1769384105154", "event_type": "price_change"}}
{"_local_timestamp": "2026-01-25T23:35:05.976956+00:00", "data": {"market": "0x6535b5298489fb13dbd8ccd8e159c863fc5f200bfa0fa54f42a4522277421bae", "price_changes": [{"asset_id": "70434658428379999369252938904488849693086861442981639719364000205857607396973", "price": "0.01", "size": "62.2", "side": "BUY", "hash": "2db005da1fd070eb33824e530fcdea3308530aed", "best_bid": "0.11", "best_ask": "0.14"}, {"asset_id": "7877543056363159509921869877511237484906584134343838187388167251287924451427", "price": "0.99", "size": "62.2", "side": "SELL", "hash": "f4251ee88f23ca5649191f8b4d3d59538721cbe7", "best_bid": "0.86", "best_ask": "0.89"}], "timestamp": "1769384105806", "event_type": "price_change"}}
{"_local_timestamp": "2026-01-25T23:35:06.181731+00:00", "data": {"market": "0x11bda2a67b3bb7d25a2a85e66d961beb3a9b0ff5802383de4d8eb06958dfbd25", "price_changes": [{"asset_id": "77665482694312067404022284039307959317989785784901081226502318608952317108703", "price": "0.04", "size": "3376", "side": "BUY", "hash": "d082e82a01533a81c9a28e5f3074ca55c7d6bbfe", "best_bid": "0.06", "best_ask": "0.08"}, {"asset_id": "59946420638527075068094017657007439046680089185161119140821135355801195106706", "price": "0.96", "size": "3376", "side": "SELL", "hash": "c6e90d6e31e38c4a7a08c1f13406d1956c5bf57f", "best_bid": "0.92", "best_ask": "0.94"}], "timestamp": "1769384106000", "event_type": "price_change"}}
{"_local_timestamp": "2026-01-25T23:35:06.189810+00:00", "data": {"market": "0x6535b5298489fb13dbd8ccd8e159c863fc5f200bfa0fa54f42a4522277421bae", "price_changes": [{"asset_id": "70434658428379999369252938904488849693086861442981639719364000205857607396973", "price": "0.09", "size": "1916", "side": "BUY", "hash": "a429e501e50880fdb03700a59bf2c921ab53c68c", "best_bid": "0.11", "best_ask": "0.14"}, {"asset_id": "7877543056363159509921869877511237484906584134343838187388167251287924451427", "price": "0.91", "size": "1916", "side": "SELL", "hash": "e72c5918697a7e21380961691d3f6787494cd919", "best_bid": "0.86", "best_ask": "0.89"}], "timestamp": "1769384106000", "event_type": "price_change"}}
{"_local_timestamp": "2026-01-25T23:35:06.190435+00:00", "data": {"market": "0x6535b5298489fb13dbd8ccd8e159c863fc5f200bfa0fa54f42a4522277421bae", "price_changes": [{"asset_id": "7877543056363159509921869877511237484906584134343838187388167251287924451427", "price": "0.86", "size": "2180", "side": "BUY", "hash": "754566638963402e23ec2ff1b79717de47d1763e", "best_bid": "0.86", "best_ask": "0.89"}, {"asset_id": "70434658428379999369252938904488849693086861442981639719364000205857607396973", "price": "0.14", "size": "2180", "side": "SELL", "hash": "30f52071cd1434561cbf1085a0a07e069b51692d", "best_bid": "0.11", "best_ask": "0.14"}], "timestamp": "1769384106001", "event_type": "price_change"}}
{"_local_timestamp": "2026-01-25T23:35:06.194393+00:00", "data": {"market": "0x11bda2a67b3bb7d25a2a85e66d961beb3a9b0ff5802383de4d8eb06958dfbd25", "price_changes": [{"asset_id": "77665482694312067404022284039307959317989785784901081226502318608952317108703", "price": "0.05", "size": "3975", "side": "BUY", "hash": "2d9ce864df67aa60c24a34e4184e7a2f8c186842", "best_bid": "0.06", "best_ask": "0.08"}, {"asset_id": "59946420638527075068094017657007439046680089185161119140821135355801195106706", "price": "0.95", "size": "3975", "side": "SELL", "hash": "da89754030949c5fe7ef99cf72311261e58fe697", "best_bid": "0.92", "best_ask": "0.94"}], "timestamp": "1769384106003", "event_type": "price_change"}}
{"_local_timestamp": "2026-01-25T23:35:06.201950+00:00", "data": {"market": "0x6535b5298489fb13dbd8ccd8e159c863fc5f200bfa0fa54f42a4522277421bae", "price_changes": [{"asset_id": "70434658428379999369252938904488849693086861442981639719364000205857607396973", "price": "0.1", "size": "4050", "side": "BUY", "hash": "1ce5f19bd4bbe88f98457c407e4c78c2080a3420", "best_bid": "0.11", "best_ask": "0.14"}, {"asset_id": "7877543056363159509921869877511237484906584134343838187388167251287924451427", "price": "0.9", "size": "4050", "side": "SELL", "hash": "4d341b9ee3b626a16a369eca3d57c9c4292ef0a2", "best_bid": "0.86", "best_ask": "0.89"}], "timestamp": "1769384106004", "event_type": "price_change"}}
{"_local_timestamp": "2026-01-25T23:35:06.209599+00:00", "data": {"market": "0x11bda2a67b3bb7d25a2a85e66d961beb3a9b0ff5802383de4d8eb06958dfbd25", "price_changes": [{"asset_id": "59946420638527075068094017657007439046680089185161119140821135355801195106706", "price": "0.91", "size": "0", "side": "BUY", "hash": "9e1174ba3222dfc1ffd352da0f55a6a503046577", "best_bid": "0.92", "best_ask": "0.94"}, {"asset_id": "77665482694312067404022284039307959317989785784901081226502318608952317108703", "price": "0.09", "size": "0", "side": "SELL", "hash": "c078112a76f610348e9a0b22c3d03ee34ff6f19e", "best_bid": "0.06", "best_ask": "0.08"}], "timestamp": "1769384106005", "event_type": "price_change"}}
{"_local_timestamp": "2026-01-25T23:35:06.224172+00:00", "data": {"market": "0x11bda2a67b3bb7d25a2a85e66d961beb3a9b0ff5802383de4d8eb06958dfbd25", "price_changes": [{"asset_id": "59946420638527075068094017657007439046680089185161119140821135355801195106706", "price": "0.92", "size": "611", "side": "BUY", "hash": "636dbfdf4a9885d1a0dea89fb46a4591ce45832d", "best_bid": "0.92", "best_ask": "0.94"}, {"asset_id": "77665482694312067404022284039307959317989785784901081226502318608952317108703", "price": "0.08", "size": "611", "side": "SELL", "hash": "ec3d1e15f0add63d4fd85c59bfd10523b571509b", "best_bid": "0.06", "best_ask": "0.08"}], "timestamp": "1769384106008", "event_type": "price_change"}}
{"_local_timestamp": "2026-01-25T23:35:06.234207+00:00", "data": {"market": "0x6535b5298489fb13dbd8ccd8e159c863fc5f200bfa0fa54f42a4522277421bae", "price_changes": [{"asset_id": "7877543056363159509921869877511237484906584134343838187388167251287924451427", "price": "0.85", "size": "333.33", "side": "BUY", "hash": "9cfa202a09e526433975b83bcf39f73d92ff9256", "best_bid": "0.86", "best_ask": "0.89"}, {"asset_id": "70434658428379999369252938904488849693086861442981639719364000205857607396973", "price": "0.15", "size": "333.33", "side": "SELL", "hash": "87d079d65308c4f0d26aed16256211b17f4459ca", "best_bid": "0.11", "best_ask": "0.14"}], "timestamp": "1769384106008", "event_type": "price_change"}}
{"_local_timestamp": "2026-01-25T23:35:06.302349+00:00", "data": {"market": "0x6535b5298489fb13dbd8ccd8e159c863fc5f200bfa0fa54f42a4522277421bae", "price_changes": [{"asset_id": "70434658428379999369252938904488849693086861442981639719364000205857607396973", "price": "0.01", "size": "80.92", "side": "BUY", "hash": "43e6388dca8d7415dbbb6ecee3b03680abee5f60", "best_bid": "0.11", "best_ask": "0.14"}, {"asset_id": "7877543056363159509921869877511237484906584134343838187388167251287924451427", "price": "0.99", "size": "80.92", "side": "SELL", "hash": "8f1ec1f39216b058c24ced7312552fb33aeed57d", "best_bid": "0.86", "best_ask": "0.89"}], "timestamp": "1769384106107", "event_type": "price_change"}}
{"_local_timestamp": "2026-01-25T23:35:06.302850+00:00", "data": {"market": "0x6535b5298489fb13dbd8ccd8e159c863fc5f200bfa0fa54f42a4522277421bae", "price_changes": [{"asset_id": "70434658428379999369252938904488849693086861442981639719364000205857607396973", "price": "0.01", "size": "99.64", "side": "BUY", "hash": "bf5613d6add70486a56b8e658054cdb5ef8b91ec", "best_bid": "0.11", "best_ask": "0.14"}, {"asset_id": "7877543056363159509921869877511237484906584134343838187388167251287924451427", "price": "0.99", "size": "99.64", "side": "SELL", "hash": "a9d14e2a611599885ea6a445d8767f613ae46b00", "best_bid": "0.86", "best_ask": "0.89"}], "timestamp": "1769384106108", "event_type": "price_change"}}
{"_local_timestamp": "2026-01-25T23:35:09.594272+00:00", "data": {"market": "0x6535b5298489fb13dbd8ccd8e159c863fc5f200bfa0fa54f42a4522277421bae", "price_changes": [{"asset_id": "70434658428379999369252938904488849693086861442981639719364000205857607396973", "price": "0.01", "size": "80.92", "side": "BUY", "hash": "19639db6e3424cbce3f53a6dbf980a31e6fbe8e8", "best_bid": "0.11", "best_ask": "0.14"}, {"asset_id": "7877543056363159509921869877511237484906584134343838187388167251287924451427", "price": "0.99", "size": "80.92", "side": "SELL", "hash": "4c0ac466b8fb217a7a23bd13dd658dcc3c165572", "best_bid": "0.86", "best_ask": "0.89"}], "timestamp": "1769384109392", "event_type": "price_change"}}
{"_local_timestamp": "2026-01-25T23:35:10.970632+00:00", "data": {"market": "0x6535b5298489fb13dbd8ccd8e159c863fc5f200bfa0fa54f42a4522277421bae", "price_changes": [{"asset_id": "70434658428379999369252938904488849693086861442981639719364000205857607396973", "price": "0.01", "size": "62.2", "side": "BUY", "hash": "efed14bb272d39a7289db5b4ece62970e232f725", "best_bid": "0.11", "best_ask": "0.14"}, {"asset_id": "7877543056363159509921869877511237484906584134343838187388167251287924451427", "price": "0.99", "size": "62.2", "side": "SELL", "hash": "e09699831b1b3a7b18e365c560abde59648557b4", "best_bid": "0.86", "best_ask": "0.89"}], "timestamp": "1769384110658", "event_type": "price_change"}}
{"_local_timestamp": "2026-01-25T23:35:11.134396+00:00", "data": {"market": "0x6535b5298489fb13dbd8ccd8e159c863fc5f200bfa0fa54f42a4522277421bae", "price_changes": [{"asset_id": "70434658428379999369252938904488849693086861442981639719364000205857607396973", "price": "0.02", "size": "34.53", "side": "BUY", "hash": "2249d59f6af2faa89324bf6fbecab8e1007a9860", "best_bid": "0.11", "best_ask": "0.14"}, {"asset_id": "7877543056363159509921869877511237484906584134343838187388167251287924451427", "price": "0.98", "size": "34.53", "side": "SELL", "hash": "9ebf5fa4c6f08c2c225522f0d0399e04fad582b3", "best_bid": "0.86", "best_ask": "0.89"}], "timestamp": "1769384110861", "event_type": "price_change"}}
{"_local_timestamp": "2026-01-25T23:35:11.134969+00:00", "data": {"market": "0x6535b5298489fb13dbd8ccd8e159c863fc5f200bfa0fa54f42a4522277421bae", "price_changes": [{"asset_id": "70434658428379999369252938904488849693086861442981639719364000205857607396973", "price": "0.02", "size": "43.89", "side": "BUY", "hash": "29e775c0be84b92a90ec924e1c73184a6250d1f5", "best_bid": "0.11", "best_ask": "0.14"}, {"asset_id": "7877543056363159509921869877511237484906584134343838187388167251287924451427", "price": "0.98", "size": "43.89", "side": "SELL", "hash": "ca7e82672d7fb8aab131f88cb5f82238f2750605", "best_bid": "0.86", "best_ask": "0.89"}], "timestamp": "1769384110862", "event_type": "price_change"}}
{"_local_timestamp": "2026-01-25T23:35:15.708002+00:00", "data": {"market": "0x6535b5298489fb13dbd8ccd8e159c863fc5f200bfa0fa54f42a4522277421bae", "price_changes": [{"asset_id": "70434658428379999369252938904488849693086861442981639719364000205857607396973", "price": "0.02", "size": "34.53", "side": "BUY", "hash": "b3efd106452e7669c1a6f8b5d92fb6380131a475", "best_bid": "0.11", "best_ask": "0.14"}, {"asset_id": "7877543056363159509921869877511237484906584134343838187388167251287924451427", "price": "0.98", "size": "34.53", "side": "SELL", "hash": "e1b1b307aa8907c2cacc2aa2724480189712db79", "best_bid": "0.86", "best_ask": "0.89"}], "timestamp": "1769384115488", "event_type": "price_change"}}
{"_local_timestamp": "2026-01-25T23:35:16.023101+00:00", "data": {"market": "0x6535b5298489fb13dbd8ccd8e159c863fc5f200bfa0fa54f42a4522277421bae", "price_changes": [{"asset_id": "70434658428379999369252938904488849693086861442981639719364000205857607396973", "price": "0.01", "size": "71.57", "side": "BUY", "hash": "03665f24687072eb2cb49934d6da74963507c0b2", "best_bid": "0.11", "best_ask": "0.14"}, {"asset_id": "7877543056363159509921869877511237484906584134343838187388167251287924451427", "price": "0.99", "size": "71.57", "side": "SELL", "hash": "ebc510e0dd9b8045bf7873b7e3f01972d272b212", "best_bid": "0.86", "best_ask": "0.89"}], "timestamp": "1769384115797", "event_type": "price_change"}}
{"_local_timestamp": "2026-01-25T23:35:16.023621+00:00", "data": {"market": "0x6535b5298489fb13dbd8ccd8e159c863fc5f200bfa0fa54f42a4522277421bae", "price_changes": [{"asset_id": "70434658428379999369252938904488849693086861442981639719364000205857607396973", "price": "0.01", "size": "80.94", "side": "BUY", "hash": "8d4a32282e54fe83dd1247954eb476a721ca904d", "best_bid": "0.11", "best_ask": "0.14"}, {"asset_id": "7877543056363159509921869877511237484906584134343838187388167251287924451427", "price": "0.99", "size": "80.94", "side": "SELL", "hash": "725f76dea46c211b4ea869136a1113bd3a7c60c7", "best_bid": "0.86", "best_ask": "0.89"}], "timestamp": "1769384115798", "event_type": "price_change"}}
{"_local_timestamp": "2026-01-25T23:35:16.441273+00:00", "data": {"market": "0x4410aca3a0fc9b5f50da0ac3232fe3d7796effe673697e4de80e63c3f850e2b6", "price_changes": [{"asset_id": "12960780696302692795365806171578964608567781021636713369142799408696231712351", "price": "0.016", "size": "6.18", "side": "BUY", "hash": "7cb45fabdc183b2f80279b81c62632587e8492dc", "best_bid": "0.021", "best_ask": "0.025"}, {"asset_id": "66849841204764556934696568105307233935402465549434266880831999866159134523664", "price": "0.984", "size": "6.18", "side": "SELL", "hash": "d1058a57e707f1f97519b41f24a6eef4ba5cb997", "best_bid": "0.975", "best_ask": "0.979"}], "timestamp": "1769384116223", "event_type": "price_change"}}
{"_local_timestamp": "2026-01-25T23:35:16.783260+00:00", "data": {"market": "0x4410aca3a0fc9b5f50da0ac3232fe3d7796effe673697e4de80e63c3f850e2b6", "price_changes": [{"asset_id": "12960780696302692795365806171578964608567781021636713369142799408696231712351", "price": "0.016", "size": "14.91", "side": "BUY", "hash": "3bc4a94d23c4c46cdbb2165e3479d3290c834a55", "best_bid": "0.021", "best_ask": "0.025"}, {"asset_id": "66849841204764556934696568105307233935402465549434266880831999866159134523664", "price": "0.984", "size": "14.91", "side": "SELL", "hash": "0ffc71d70e7e1084ea7bb3afeb7bec10c60152af", "best_bid": "0.975", "best_ask": "0.979"}], "timestamp": "1769384116576", "event_type": "price_change"}}
{"_local_timestamp": "2026-01-25T23:35:17.265212+00:00", "data": {"market": "0x6535b5298489fb13dbd8ccd8e159c863fc5f200bfa0fa54f42a4522277421bae", "price_changes": [{"asset_id": "70434658428379999369252938904488849693086861442981639719364000205857607396973", "price": "0.01", "size": "71.57", "side": "BUY", "hash": "1b6c7d6a9cab800f85ded6e8589180ac9b605bcd", "best_bid": "0.11", "best_ask": "0.14"}, {"asset_id": "7877543056363159509921869877511237484906584134343838187388167251287924451427", "price": "0.99", "size": "71.57", "side": "SELL", "hash": "6ce8ec13d5b75e4375ae89745ec90a69ca82f531", "best_bid": "0.86", "best_ask": "0.89"}], "timestamp": "1769384117056", "event_type": "price_change"}}
{"_local_timestamp": "2026-01-25T23:35:17.265748+00:00", "data": {"market": "0x6535b5298489fb13dbd8ccd8e159c863fc5f200bfa0fa54f42a4522277421bae", "price_changes": [{"asset_id": "70434658428379999369252938904488849693086861442981639719364000205857607396973", "price": "0.02", "size": "25.17", "side": "BUY", "hash": "1b6c7d6a9cab800f85ded6e8589180ac9b605bcd", "best_bid": "0.11", "best_ask": "0.14"}, {"asset_id": "7877543056363159509921869877511237484906584134343838187388167251287924451427", "price": "0.98", "size": "25.17", "side": "SELL", "hash": "6ce8ec13d5b75e4375ae89745ec90a69ca82f531", "best_bid": "0.86", "best_ask": "0.89"}], "timestamp": "1769384117056", "event_type": "price_change"}}
{"_local_timestamp": "2026-01-25T23:35:19.869174+00:00", "data": {"market": "0x6535b5298489fb13dbd8ccd8e159c863fc5f200bfa0fa54f42a4522277421bae", "price_changes": [{"asset_id": "70434658428379999369252938904488849693086861442981639719364000205857607396973", "price": "0.01", "size": "62.2", "side": "BUY", "hash": "d0a5cd00e7d9f2af74c5abc265e861a4e58ed52f", "best_bid": "0.11", "best_ask": "0.14"}, {"asset_id": "7877543056363159509921869877511237484906584134343838187388167251287924451427", "price": "0.99", "size": "62.2", "side": "SELL", "hash": "8e43c45a1c722036fadf089064d4c874fac5e929", "best_bid": "0.86", "best_ask": "0.89"}], "timestamp": "1769384119656", "event_type": "price_change"}}
{"_local_timestamp": "2026-01-25T23:35:20.165328+00:00", "data": {"market": "0x6535b5298489fb13dbd8ccd8e159c863fc5f200bfa0fa54f42a4522277421bae", "price_changes": [{"asset_id": "70434658428379999369252938904488849693086861442981639719364000205857607396973", "price": "0.01", "size": "80.92", "side": "BUY", "hash": "2b3bf20a6de081f0c6e12e4e5458e7ecf4f07ff8", "best_bid": "0.11", "best_ask": "0.14"}, {"asset_id": "7877543056363159509921869877511237484906584134343838187388167251287924451427", "price": "0.99", "size": "80.92", "side": "SELL", "hash": "40208f7a423dc1992b35133f89aede7e99b24370", "best_bid": "0.86", "best_ask": "0.89"}], "timestamp": "1769384119948", "event_type": "price_change"}}
{"_local_timestamp": "2026-01-25T23:35:20.170223+00:00", "data": {"market": "0x6535b5298489fb13dbd8ccd8e159c863fc5f200bfa0fa54f42a4522277421bae", "price_changes": [{"asset_id": "70434658428379999369252938904488849693086861442981639719364000205857607396973", "price": "0.01", "size": "99.64", "side": "BUY", "hash": "7d692e76f0661e809b5b2900ea13d69dab5d6c66", "best_bid": "0.11", "best_ask": "0.14"}, {"asset_id": "7877543056363159509921869877511237484906584134343838187388167251287924451427", "price": "0.99", "size": "99.64", "side": "SELL", "hash": "860add2354e8fb2be8bfbf57b85b8bb15a4784d6", "best_bid": "0.86", "best_ask": "0.89"}], "timestamp": "1769384119949", "event_type": "price_change"}}
{"_local_timestamp": "2026-01-25T23:35:27.354883+00:00", "data": {"market": "0x6535b5298489fb13dbd8ccd8e159c863fc5f200bfa0fa54f42a4522277421bae", "price_changes": [{"asset_id": "70434658428379999369252938904488849693086861442981639719364000205857607396973", "price": "0.01", "size": "80.92", "side": "BUY", "hash": "676e299759ecfc6e33a836425d65eb3e77d75276", "best_bid": "0.11", "best_ask": "0.14"}, {"asset_id": "7877543056363159509921869877511237484906584134343838187388167251287924451427", "price": "0.99", "size": "80.92", "side": "SELL", "hash": "212004e034a481f4e2d364ac8dadc30aa8eeec57", "best_bid": "0.86", "best_ask": "0.89"}], "timestamp": "1769384126947", "event_type": "price_change"}}
{"_local_timestamp": "2026-01-25T23:35:27.510530+00:00", "data": {"market": "0x6535b5298489fb13dbd8ccd8e159c863fc5f200bfa0fa54f42a4522277421bae", "price_changes": [{"asset_id": "70434658428379999369252938904488849693086861442981639719364000205857607396973", "price": "0.02", "size": "34.54", "side": "BUY", "hash": "fbb6b2abb5cf1a124cb81aba2ebb8277d8046b02", "best_bid": "0.11", "best_ask": "0.14"}, {"asset_id": "7877543056363159509921869877511237484906584134343838187388167251287924451427", "price": "0.98", "size": "34.54", "side": "SELL", "hash": "5c850e7fd0c4746b878027e38d4e7496260aaa38", "best_bid": "0.86", "best_ask": "0.89"}], "timestamp": "1769384127213", "event_type": "price_change"}}
{"_local_timestamp": "2026-01-25T23:35:29.831067+00:00", "data": {"market": "0x6535b5298489fb13dbd8ccd8e159c863fc5f200bfa0fa54f42a4522277421bae", "price_changes": [{"asset_id": "70434658428379999369252938904488849693086861442981639719364000205857607396973", "price": "0.01", "size": "62.2", "side": "BUY", "hash": "6af52108ff60fc91063946c7b0435160f845ff31", "best_bid": "0.11", "best_ask": "0.14"}, {"asset_id": "7877543056363159509921869877511237484906584134343838187388167251287924451427", "price": "0.99", "size": "62.2", "side": "SELL", "hash": "de6f51fd5ee65873299fce294f13f34dfda5e7aa", "best_bid": "0.86", "best_ask": "0.89"}], "timestamp": "1769384129600", "event_type": "price_change"}}
{"_local_timestamp": "2026-01-25T23:35:29.831782+00:00", "data": {"market": "0x6535b5298489fb13dbd8ccd8e159c863fc5f200bfa0fa54f42a4522277421bae", "price_changes": [{"asset_id": "70434658428379999369252938904488849693086861442981639719364000205857607396973", "price": "0.02", "size": "25.17", "side": "BUY", "hash": "6af52108ff60fc91063946c7b0435160f845ff31", "best_bid": "0.11", "best_ask": "0.14"}, {"asset_id": "7877543056363159509921869877511237484906584134343838187388167251287924451427", "price": "0.98", "size": "25.17", "side": "SELL", "hash": "de6f51fd5ee65873299fce294f13f34dfda5e7aa", "best_bid": "0.86", "best_ask": "0.89"}], "timestamp": "1769384129600", "event_type": "price_change"}}
{"_local_timestamp": "2026-01-25T23:35:30.018703+00:00", "data": {"market": "0x6535b5298489fb13dbd8ccd8e159c863fc5f200bfa0fa54f42a4522277421bae", "price_changes": [{"asset_id": "70434658428379999369252938904488849693086861442981639719364000205857607396973", "price": "0.01", "size": "80.92", "side": "BUY", "hash": "dbcc6e5c29cb91b228e2a9a520b91d6a436cf150", "best_bid": "0.11", "best_ask": "0.14"}, {"asset_id": "7877543056363159509921869877511237484906584134343838187388167251287924451427", "price": "0.99", "size": "80.92", "side": "SELL", "hash": "f32ba58c2b259375a43f946b5765836a00444d17", "best_bid": "0.86", "best_ask": "0.89"}], "timestamp": "1769384129784", "event_type": "price_change"}}
{"_local_timestamp": "2026-01-25T23:35:30.019394+00:00", "data": {"market": "0x6535b5298489fb13dbd8ccd8e159c863fc5f200bfa0fa54f42a4522277421bae", "price_changes": [{"asset_id": "70434658428379999369252938904488849693086861442981639719364000205857607396973", "price": "0.01", "size": "99.64", "side": "BUY", "hash": "af7cdff8ad9de75cddefaa1be2c591c85aaaba90", "best_bid": "0.11", "best_ask": "0.14"}, {"asset_id": "7877543056363159509921869877511237484906584134343838187388167251287924451427", "price": "0.99", "size": "99.64", "side": "SELL", "hash": "f31e15dba26ed3c4ec639c2ea0dd66ecf977420d", "best_bid": "0.86", "best_ask": "0.89"}], "timestamp": "1769384129784", "event_type": "price_change"}}
{"_local_timestamp": "2026-01-25T23:35:35.952779+00:00", "data": {"market": "0x6535b5298489fb13dbd8ccd8e159c863fc5f200bfa0fa54f42a4522277421bae", "price_changes": [{"asset_id": "70434658428379999369252938904488849693086861442981639719364000205857607396973", "price": "0.01", "size": "80.92", "side": "BUY", "hash": "4df0fd21fc9359d77aeb446814eff8bb753a595b", "best_bid": "0.11", "best_ask": "0.14"}, {"asset_id": "7877543056363159509921869877511237484906584134343838187388167251287924451427", "price": "0.99", "size": "80.92", "side": "SELL", "hash": "e26f273db9ad2f2f6fc9b2fcff2f8badda02661d", "best_bid": "0.86", "best_ask": "0.89"}], "timestamp": "1769384135719", "event_type": "price_change"}}
{"_local_timestamp": "2026-01-25T23:35:38.823057+00:00", "data": {"market": "0x6535b5298489fb13dbd8ccd8e159c863fc5f200bfa0fa54f42a4522277421bae", "price_changes": [{"asset_id": "70434658428379999369252938904488849693086861442981639719364000205857607396973", "price": "0.01", "size": "62.2", "side": "BUY", "hash": "150f7df78d0fe003ff60d6763d6481829b9e12ac", "best_bid": "0.11", "best_ask": "0.14"}, {"asset_id": "7877543056363159509921869877511237484906584134343838187388167251287924451427", "price": "0.99", "size": "62.2", "side": "SELL", "hash": "04f379dd4ba6b54a74fd66b79eb9f647c8bab4af", "best_bid": "0.86", "best_ask": "0.89"}], "timestamp": "1769384138745", "event_type": "price_change"}}
{"_local_timestamp": "2026-01-25T23:35:39.146511+00:00", "data": {"market": "0x6535b5298489fb13dbd8ccd8e159c863fc5f200bfa0fa54f42a4522277421bae", "price_changes": [{"asset_id": "70434658428379999369252938904488849693086861442981639719364000205857607396973", "price": "0.01", "size": "80.92", "side": "BUY", "hash": "63ee5f3ecfedcbb10afc5b889cd1c1503838eb78", "best_bid": "0.11", "best_ask": "0.14"}, {"asset_id": "7877543056363159509921869877511237484906584134343838187388167251287924451427", "price": "0.99", "size": "80.92", "side": "SELL", "hash": "c3f981a0ebd68277eff0fda6018b925daecdaf2a", "best_bid": "0.86", "best_ask": "0.89"}], "timestamp": "1769384139078", "event_type": "price_change"}}
{"_local_timestamp": "2026-01-25T23:35:39.147875+00:00", "data": {"market": "0x6535b5298489fb13dbd8ccd8e159c863fc5f200bfa0fa54f42a4522277421bae", "price_changes": [{"asset_id": "70434658428379999369252938904488849693086861442981639719364000205857607396973", "price": "0.01", "size": "99.64", "side": "BUY", "hash": "de5c6685096f0eec4932e939a5d484d0f6d7a165", "best_bid": "0.11", "best_ask": "0.14"}, {"asset_id": "7877543056363159509921869877511237484906584134343838187388167251287924451427", "price": "0.99", "size": "99.64", "side": "SELL", "hash": "276b56afa0f134f0dd181bb8a70ff86598693645", "best_bid": "0.86", "best_ask": "0.89"}], "timestamp": "1769384139079", "event_type": "price_change"}}
{"_local_timestamp": "2026-01-25T23:35:44.230761+00:00", "data": {"market": "0x6535b5298489fb13dbd8ccd8e159c863fc5f200bfa0fa54f42a4522277421bae", "price_changes": [{"asset_id": "70434658428379999369252938904488849693086861442981639719364000205857607396973", "price": "0.01", "size": "80.92", "side": "BUY", "hash": "2865b2e48d67098926dd9e48c6db90b256c08ae4", "best_bid": "0.11", "best_ask": "0.14"}, {"asset_id": "7877543056363159509921869877511237484906584134343838187388167251287924451427", "price": "0.99", "size": "80.92", "side": "SELL", "hash": "96bebf9ba2c6b33111a322289c54f97187484bc2", "best_bid": "0.86", "best_ask": "0.89"}], "timestamp": "1769384144166", "event_type": "price_change"}}
{"_local_timestamp": "2026-01-25T23:35:45.922377+00:00", "data": {"market": "0x6535b5298489fb13dbd8ccd8e159c863fc5f200bfa0fa54f42a4522277421bae", "price_changes": [{"asset_id": "70434658428379999369252938904488849693086861442981639719364000205857607396973", "price": "0.01", "size": "62.2", "side": "BUY", "hash": "c6a9147a955463664f938d1ddf3459bb03d6e914", "best_bid": "0.11", "best_ask": "0.14"}, {"asset_id": "7877543056363159509921869877511237484906584134343838187388167251287924451427", "price": "0.99", "size": "62.2", "side": "SELL", "hash": "5b6287e8d9e582aa6c64dbc3c9ebd7aafc2281b4", "best_bid": "0.86", "best_ask": "0.89"}], "timestamp": "1769384145854", "event_type": "price_change"}}
{"_local_timestamp": "2026-01-25T23:35:46.256279+00:00", "data": {"market": "0x6535b5298489fb13dbd8ccd8e159c863fc5f200bfa0fa54f42a4522277421bae", "price_changes": [{"asset_id": "70434658428379999369252938904488849693086861442981639719364000205857607396973", "price": "0.01", "size": "80.92", "side": "BUY", "hash": "6425373366b66b8f182b24b5865cd08eccfa8d03", "best_bid": "0.11", "best_ask": "0.14"}, {"asset_id": "7877543056363159509921869877511237484906584134343838187388167251287924451427", "price": "0.99", "size": "80.92", "side": "SELL", "hash": "2f24ec6cd0254c7e3c635dcc8479a14cf4e97807", "best_bid": "0.86", "best_ask": "0.89"}], "timestamp": "1769384146191", "event_type": "price_change"}}
{"_local_timestamp": "2026-01-25T23:35:46.258969+00:00", "data": {"market": "0x6535b5298489fb13dbd8ccd8e159c863fc5f200bfa0fa54f42a4522277421bae", "price_changes": [{"asset_id": "70434658428379999369252938904488849693086861442981639719364000205857607396973", "price": "0.01", "size": "99.64", "side": "BUY", "hash": "e3b0535223cc4177df4a0e5a9a3825a4935d5964", "best_bid": "0.11", "best_ask": "0.14"}, {"asset_id": "7877543056363159509921869877511237484906584134343838187388167251287924451427", "price": "0.99", "size": "99.64", "side": "SELL", "hash": "a492a19efc373ebcb7f14c9ef8ddcd6daba78fb7", "best_bid": "0.86", "best_ask": "0.89"}], "timestamp": "1769384146192", "event_type": "price_change"}}
{"_local_timestamp": "2026-01-25T23:35:47.610741+00:00", "data": {"market": "0x6535b5298489fb13dbd8ccd8e159c863fc5f200bfa0fa54f42a4522277421bae", "price_changes": [{"asset_id": "70434658428379999369252938904488849693086861442981639719364000205857607396973", "price": "0.01", "size": "80.92", "side": "BUY", "hash": "6259460fd240a217b7020876761a0476c99528ea", "best_bid": "0.11", "best_ask": "0.14"}, {"asset_id": "7877543056363159509921869877511237484906584134343838187388167251287924451427", "price": "0.99", "size": "80.92", "side": "SELL", "hash": "0931a10cbdff98905574e49254eb7cecaba2224d", "best_bid": "0.86", "best_ask": "0.89"}], "timestamp": "1769384147545", "event_type": "price_change"}}
{"_local_timestamp": "2026-01-25T23:35:48.452521+00:00", "data": {"market": "0x6535b5298489fb13dbd8ccd8e159c863fc5f200bfa0fa54f42a4522277421bae", "price_changes": [{"asset_id": "70434658428379999369252938904488849693086861442981639719364000205857607396973", "price": "0.01", "size": "62.2", "side": "BUY", "hash": "1241f9f4441629351c69abc76bdb3daa6983e657", "best_bid": "0.11", "best_ask": "0.14"}, {"asset_id": "7877543056363159509921869877511237484906584134343838187388167251287924451427", "price": "0.99", "size": "62.2", "side": "SELL", "hash": "1df52b16733ddffbc978904c419cd45e4eb14242", "best_bid": "0.86", "best_ask": "0.89"}], "timestamp": "1769384148388", "event_type": "price_change"}}
{"_local_timestamp": "2026-01-25T23:35:48.770746+00:00", "data": {"market": "0x6535b5298489fb13dbd8ccd8e159c863fc5f200bfa0fa54f42a4522277421bae", "price_changes": [{"asset_id": "70434658428379999369252938904488849693086861442981639719364000205857607396973", "price": "0.01", "size": "80.92", "side": "BUY", "hash": "8e473bfd5105e376eec56478c1b48f9182821666", "best_bid": "0.11", "best_ask": "0.14"}, {"asset_id": "7877543056363159509921869877511237484906584134343838187388167251287924451427", "price": "0.99", "size": "80.92", "side": "SELL", "hash": "8f2db1915aace7d8d482c0607631cf74423a69b5", "best_bid": "0.86", "best_ask": "0.89"}], "timestamp": "1769384148704", "event_type": "price_change"}}
{"_local_timestamp": "2026-01-25T23:35:48.771502+00:00", "data": {"market": "0x6535b5298489fb13dbd8ccd8e159c863fc5f200bfa0fa54f42a4522277421bae", "price_changes": [{"asset_id": "70434658428379999369252938904488849693086861442981639719364000205857607396973", "price": "0.01", "size": "99.64", "side": "BUY", "hash": "40b84cee7d9280b32fda90b3040f39447d7f83b5", "best_bid": "0.11", "best_ask": "0.14"}, {"asset_id": "7877543056363159509921869877511237484906584134343838187388167251287924451427", "price": "0.99", "size": "99.64", "side": "SELL", "hash": "7077e2bc10dd1a5969f9d1d29ac43fb7149f67ca", "best_bid": "0.86", "best_ask": "0.89"}], "timestamp": "1769384148704", "event_type": "price_change"}}
{"_local_timestamp": "2026-01-25T23:35:50.148847+00:00", "data": {"market": "0x6535b5298489fb13dbd8ccd8e159c863fc5f200bfa0fa54f42a4522277421bae", "price_changes": [{"asset_id": "70434658428379999369252938904488849693086861442981639719364000205857607396973", "price": "0.01", "size": "80.92", "side": "BUY", "hash": "a19822e3dacdebd57a2b39ab669b08166b814780", "best_bid": "0.11", "best_ask": "0.14"}, {"asset_id": "7877543056363159509921869877511237484906584134343838187388167251287924451427", "price": "0.99", "size": "80.92", "side": "SELL", "hash": "e17096ed62edb7116572d0df3dd0367ee49cf99e", "best_bid": "0.86", "best_ask": "0.89"}], "timestamp": "1769384150081", "event_type": "price_change"}}
{"_local_timestamp": "2026-01-25T23:35:51.432164+00:00", "data": {"market": "0x6535b5298489fb13dbd8ccd8e159c863fc5f200bfa0fa54f42a4522277421bae", "price_changes": [{"asset_id": "70434658428379999369252938904488849693086861442981639719364000205857607396973", "price": "0.01", "size": "62.2", "side": "BUY", "hash": "dbbf1c9934cbaaecbe648a732b00ad504d1c6c8e", "best_bid": "0.11", "best_ask": "0.14"}, {"asset_id": "7877543056363159509921869877511237484906584134343838187388167251287924451427", "price": "0.99", "size": "62.2", "side": "SELL", "hash": "8522bf701610536ee43bde95dbb474aa4c93113d", "best_bid": "0.86", "best_ask": "0.89"}], "timestamp": "1769384151368", "event_type": "price_change"}}
{"_local_timestamp": "2026-01-25T23:35:51.880992+00:00", "data": {"market": "0x6535b5298489fb13dbd8ccd8e159c863fc5f200bfa0fa54f42a4522277421bae", "price_changes": [{"asset_id": "70434658428379999369252938904488849693086861442981639719364000205857607396973", "price": "0.01", "size": "80.92", "side": "BUY", "hash": "c0842d610d208a4763151f64f7de18daa691c86e", "best_bid": "0.11", "best_ask": "0.14"}, {"asset_id": "7877543056363159509921869877511237484906584134343838187388167251287924451427", "price": "0.99", "size": "80.92", "side": "SELL", "hash": "2884fcfcc3a734ea8367489a85e2d2b11ffeb93b", "best_bid": "0.86", "best_ask": "0.89"}], "timestamp": "1769384151814", "event_type": "price_change"}}
{"_local_timestamp": "2026-01-25T23:35:51.882619+00:00", "data": {"market": "0x6535b5298489fb13dbd8ccd8e159c863fc5f200bfa0fa54f42a4522277421bae", "price_changes": [{"asset_id": "70434658428379999369252938904488849693086861442981639719364000205857607396973", "price": "0.01", "size": "99.64", "side": "BUY", "hash": "a193468df36b8a3ad253784e5bdf038d237a5b7f", "best_bid": "0.11", "best_ask": "0.14"}, {"asset_id": "7877543056363159509921869877511237484906584134343838187388167251287924451427", "price": "0.99", "size": "99.64", "side": "SELL", "hash": "1d982f88d7ca07e33db8ab6ce8f46def3741e945", "best_bid": "0.86", "best_ask": "0.89"}], "timestamp": "1769384151815", "event_type": "price_change"}}
{"_local_timestamp": "2026-01-25T23:35:53.130910+00:00", "data": {"market": "0x6535b5298489fb13dbd8ccd8e159c863fc5f200bfa0fa54f42a4522277421bae", "price_changes": [{"asset_id": "70434658428379999369252938904488849693086861442981639719364000205857607396973", "price": "0.01", "size": "80.92", "side": "BUY", "hash": "e9791387a1e32a85f64dacb368689047da770cef", "best_bid": "0.11", "best_ask": "0.14"}, {"asset_id": "7877543056363159509921869877511237484906584134343838187388167251287924451427", "price": "0.99", "size": "80.92", "side": "SELL", "hash": "32250ae67c72624b92117ec7940b4955fbd4a23b", "best_bid": "0.86", "best_ask": "0.89"}], "timestamp": "1769384153062", "event_type": "price_change"}}
{"_local_timestamp": "2026-01-25T23:35:53.569896+00:00", "data": {"market": "0x4410aca3a0fc9b5f50da0ac3232fe3d7796effe673697e4de80e63c3f850e2b6", "price_changes": [{"asset_id": "12960780696302692795365806171578964608567781021636713369142799408696231712351", "price": "0.016", "size": "6.18", "side": "BUY", "hash": "5dafa18a5156929cb43a4c1dffa30cc13d43c1e0", "best_bid": "0.021", "best_ask": "0.025"}, {"asset_id": "66849841204764556934696568105307233935402465549434266880831999866159134523664", "price": "0.984", "size": "6.18", "side": "SELL", "hash": "54c1dab9816ef27e97af8f3f255ea343b6832cb9", "best_bid": "0.975", "best_ask": "0.979"}], "timestamp": "1769384153487", "event_type": "price_change"}}
{"_local_timestamp": "2026-01-25T23:35:53.769007+00:00", "data": {"market": "0x4410aca3a0fc9b5f50da0ac3232fe3d7796effe673697e4de80e63c3f850e2b6", "price_changes": [{"asset_id": "12960780696302692795365806171578964608567781021636713369142799408696231712351", "price": "0.016", "size": "14.91", "side": "BUY", "hash": "a29374e7f720e332fb33ba4ee2669009350ddd31", "best_bid": "0.021", "best_ask": "0.025"}, {"asset_id": "66849841204764556934696568105307233935402465549434266880831999866159134523664", "price": "0.984", "size": "14.91", "side": "SELL", "hash": "5886380370bc5590f49a7458ea7758c211ff836a", "best_bid": "0.975", "best_ask": "0.979"}], "timestamp": "1769384153705", "event_type": "price_change"}}
{"_local_timestamp": "2026-01-25T23:35:54.855713+00:00", "data": {"market": "0x6535b5298489fb13dbd8ccd8e159c863fc5f200bfa0fa54f42a4522277421bae", "price_changes": [{"asset_id": "70434658428379999369252938904488849693086861442981639719364000205857607396973", "price": "0.01", "size": "62.2", "side": "BUY", "hash": "1243d514a19a3a9a8549585103e90842cee6f399", "best_bid": "0.11", "best_ask": "0.14"}, {"asset_id": "7877543056363159509921869877511237484906584134343838187388167251287924451427", "price": "0.99", "size": "62.2", "side": "SELL", "hash": "e0ca067e02e1be13f125943a002490e4ff3c3491", "best_bid": "0.86", "best_ask": "0.89"}], "timestamp": "1769384154785", "event_type": "price_change"}}
{"_local_timestamp": "2026-01-25T23:35:55.305119+00:00", "data": {"market": "0x6535b5298489fb13dbd8ccd8e159c863fc5f200bfa0fa54f42a4522277421bae", "price_changes": [{"asset_id": "70434658428379999369252938904488849693086861442981639719364000205857607396973", "price": "0.01", "size": "80.92", "side": "BUY", "hash": "bf2430ed80fe65555e1487a8fbaf77c5406abda6", "best_bid": "0.11", "best_ask": "0.14"}, {"asset_id": "7877543056363159509921869877511237484906584134343838187388167251287924451427", "price": "0.99", "size": "80.92", "side": "SELL", "hash": "661054b65f6507320a5663f0e4786df86b0dc233", "best_bid": "0.86", "best_ask": "0.89"}], "timestamp": "1769384155221", "event_type": "price_change"}}
{"_local_timestamp": "2026-01-25T23:35:55.307988+00:00", "data": {"market": "0x6535b5298489fb13dbd8ccd8e159c863fc5f200bfa0fa54f42a4522277421bae", "price_changes": [{"asset_id": "70434658428379999369252938904488849693086861442981639719364000205857607396973", "price": "0.01", "size": "99.64", "side": "BUY", "hash": "e9571119608b723ad4acfc4be9dcd596fc5f0eb8", "best_bid": "0.11", "best_ask": "0.14"}, {"asset_id": "7877543056363159509921869877511237484906584134343838187388167251287924451427", "price": "0.99", "size": "99.64", "side": "SELL", "hash": "be9d8ad265a7d10423e3b43135140035347b7347", "best_bid": "0.86", "best_ask": "0.89"}], "timestamp": "1769384155222", "event_type": "price_change"}}
{"_local_timestamp": "2026-01-25T23:35:56.917894+00:00", "data": {"market": "0x6535b5298489fb13dbd8ccd8e159c863fc5f200bfa0fa54f42a4522277421bae", "price_changes": [{"asset_id": "70434658428379999369252938904488849693086861442981639719364000205857607396973", "price": "0.01", "size": "80.92", "side": "BUY", "hash": "48a90130163d8240e33d603c315adbb6277ac6c5", "best_bid": "0.11", "best_ask": "0.14"}, {"asset_id": "7877543056363159509921869877511237484906584134343838187388167251287924451427", "price": "0.99", "size": "80.92", "side": "SELL", "hash": "bc4680b994777b67c830cd6d05540929456c8070", "best_bid": "0.86", "best_ask": "0.89"}], "timestamp": "1769384156818", "event_type": "price_change"}}
{"_local_timestamp": "2026-01-25T23:35:57.756875+00:00", "data": {"market": "0x6535b5298489fb13dbd8ccd8e159c863fc5f200bfa0fa54f42a4522277421bae", "price_changes": [{"asset_id": "70434658428379999369252938904488849693086861442981639719364000205857607396973", "price": "0.01", "size": "62.2", "side": "BUY", "hash": "f0c0b227512e4a3a6b34e7daee8a4d28434d5e46", "best_bid": "0.11", "best_ask": "0.14"}, {"asset_id": "7877543056363159509921869877511237484906584134343838187388167251287924451427", "price": "0.99", "size": "62.2", "side": "SELL", "hash": "5ad7a9994ab8a1098b339b297762348c1785e03a", "best_bid": "0.86", "best_ask": "0.89"}], "timestamp": "1769384157668", "event_type": "price_change"}}
{"_local_timestamp": "2026-01-25T23:35:58.210092+00:00", "data": {"market": "0x6535b5298489fb13dbd8ccd8e159c863fc5f200bfa0fa54f42a4522277421bae", "price_changes": [{"asset_id": "70434658428379999369252938904488849693086861442981639719364000205857607396973", "price": "0.01", "size": "80.92", "side": "BUY", "hash": "e57bccb67cca22f6bdca0c103d2af435c879ab2e", "best_bid": "0.11", "best_ask": "0.14"}, {"asset_id": "7877543056363159509921869877511237484906584134343838187388167251287924451427", "price": "0.99", "size": "80.92", "side": "SELL", "hash": "3d14258cc68747cdc9ae99a46225d160c824e6b9", "best_bid": "0.86", "best_ask": "0.89"}], "timestamp": "1769384158087", "event_type": "price_change"}}
{"_local_timestamp": "2026-01-25T23:35:58.218775+00:00", "data": {"market": "0x6535b5298489fb13dbd8ccd8e159c863fc5f200bfa0fa54f42a4522277421bae", "price_changes": [{"asset_id": "70434658428379999369252938904488849693086861442981639719364000205857607396973", "price": "0.01", "size": "99.64", "side": "BUY", "hash": "726d26a3db47133cbc8ed2c9210325b4e69de6e4", "best_bid": "0.11", "best_ask": "0.14"}, {"asset_id": "7877543056363159509921869877511237484906584134343838187388167251287924451427", "price": "0.99", "size": "99.64", "side": "SELL", "hash": "db8b27ce3319f4c981fb3c6192657360d0aeffc2", "best_bid": "0.86", "best_ask": "0.89"}], "timestamp": "1769384158088", "event_type": "price_change"}}
{"_local_timestamp": "2026-01-25T23:36:00.085061+00:00", "data": {"market": "0x4410aca3a0fc9b5f50da0ac3232fe3d7796effe673697e4de80e63c3f850e2b6", "price_changes": [{"asset_id": "12960780696302692795365806171578964608567781021636713369142799408696231712351", "price": "0.015", "size": "200", "side": "BUY", "hash": "c4a81cbd30f53787f245f8615166c04afab6e2ee", "best_bid": "0.021", "best_ask": "0.025"}, {"asset_id": "66849841204764556934696568105307233935402465549434266880831999866159134523664", "price": "0.985", "size": "200", "side": "SELL", "hash": "0bfc1997937c8555c717c156d9d4a3eb20f48e0e", "best_bid": "0.975", "best_ask": "0.979"}], "timestamp": "1769384160001", "event_type": "price_change"}}
{"_local_timestamp": "2026-01-25T23:36:00.122647+00:00", "data": {"market": "0x4410aca3a0fc9b5f50da0ac3232fe3d7796effe673697e4de80e63c3f850e2b6", "price_changes": [{"asset_id": "66849841204764556934696568105307233935402465549434266880831999866159134523664", "price": "0.966", "size": "0", "side": "BUY", "hash": "33da2051ed13c14866e0dcc647b373e1b4d702f1", "best_bid": "0.975", "best_ask": "0.979"}, {"asset_id": "12960780696302692795365806171578964608567781021636713369142799408696231712351", "price": "0.034", "size": "0", "side": "SELL", "hash": "f3a3716217ec79b0d0311aa8f61d71df9fa2e310", "best_bid": "0.021", "best_ask": "0.025"}], "timestamp": "1769384160002", "event_type": "price_change"}}
{"_local_timestamp": "2026-01-25T23:36:00.260901+00:00", "data": {"market": "0x4410aca3a0fc9b5f50da0ac3232fe3d7796effe673697e4de80e63c3f850e2b6", "price_changes": [{"asset_id": "12960780696302692795365806171578964608567781021636713369142799408696231712351", "price": "0.015", "size": "3950", "side": "BUY", "hash": "bbf6a5bfe89c0644fe9cc0d290654cdaf97a4896", "best_bid": "0.021", "best_ask": "0.025"}, {"asset_id": "66849841204764556934696568105307233935402465549434266880831999866159134523664", "price": "0.985", "size": "3950", "side": "SELL", "hash": "3823fd0b965b28518d6e38c0493c51d1c1c0ed4c", "best_bid": "0.975", "best_ask": "0.979"}], "timestamp": "1769384160190", "event_type": "price_change"}}
{"_local_timestamp": "2026-01-25T23:36:00.261507+00:00", "data": {"market": "0x4410aca3a0fc9b5f50da0ac3232fe3d7796effe673697e4de80e63c3f850e2b6", "price_changes": [{"asset_id": "66849841204764556934696568105307233935402465549434266880831999866159134523664", "price": "0.966", "size": "582", "side": "BUY", "hash": "ff684a91fa24ce6d8c7adf0f0793ac9f0b2ac517", "best_bid": "0.975", "best_ask": "0.979"}, {"asset_id": "12960780696302692795365806171578964608567781021636713369142799408696231712351", "price": "0.034", "size": "582", "side": "SELL", "hash": "c1cc4166b94b56d115c5c9b0655a73ee5aab5806", "best_bid": "0.021", "best_ask": "0.025"}], "timestamp": "1769384160191", "event_type": "price_change"}}
{"_local_timestamp": "2026-01-25T23:36:00.425202+00:00", "data": {"market": "0x6535b5298489fb13dbd8ccd8e159c863fc5f200bfa0fa54f42a4522277421bae", "price_changes": [{"asset_id": "70434658428379999369252938904488849693086861442981639719364000205857607396973", "price": "0.01", "size": "80.92", "side": "BUY", "hash": "5a49edb301105b2f8e3d004dece674cba01dbd3d", "best_bid": "0.11", "best_ask": "0.14"}, {"asset_id": "7877543056363159509921869877511237484906584134343838187388167251287924451427", "price": "0.99", "size": "80.92", "side": "SELL", "hash": "7589806cb25df361fe44c5bef9fba10fd1505b05", "best_bid": "0.86", "best_ask": "0.89"}], "timestamp": "1769384160354", "event_type": "price_change"}}
{"_local_timestamp": "2026-01-25T23:36:01.098401+00:00", "data": {"market": "0x2e682de014b1107bbbe99b51fda0bd738e06be920b206ca2155c176e526d0b71", "price_changes": [{"asset_id": "66478363277733429083385177739383520176384178209951838647499870568419447942296", "price": "0.36", "size": "1530.5", "side": "BUY", "hash": "01d10f540be97dc5dc7be777d5e3adf878ebdf22", "best_bid": "0.36", "best_ask": "0.42"}, {"asset_id": "72722740413428991232476199440482616266848807562551171262643304997471835041335", "price": "0.64", "size": "1530.5", "side": "SELL", "hash": "dfef5115f9d233e3be5b5378b4fff1e20a80f800", "best_bid": "0.58", "best_ask": "0.64"}], "timestamp": "1769384161000", "event_type": "price_change"}}
{"_local_timestamp": "2026-01-25T23:36:01.099110+00:00", "data": {"market": "0x2e682de014b1107bbbe99b51fda0bd738e06be920b206ca2155c176e526d0b71", "price_changes": [{"asset_id": "72722740413428991232476199440482616266848807562551171262643304997471835041335", "price": "0.58", "size": "0", "side": "BUY", "hash": "b22b3e40fa5ec77afa5fa29efd58bab53a5e62b1", "best_bid": "0.5", "best_ask": "0.64"}, {"asset_id": "66478363277733429083385177739383520176384178209951838647499870568419447942296", "price": "0.42", "size": "0", "side": "SELL", "hash": "3afb1fcc37a0c6cc2fa4d5b7b44dc473aebbbf5d", "best_bid": "0.36", "best_ask": "0.5"}], "timestamp": "1769384161007", "event_type": "price_change"}}
{"_local_timestamp": "2026-01-25T23:36:01.262912+00:00", "data": {"market": "0x2e682de014b1107bbbe99b51fda0bd738e06be920b206ca2155c176e526d0b71", "price_changes": [{"asset_id": "66478363277733429083385177739383520176384178209951838647499870568419447942296", "price": "0.36", "size": "1895.5", "side": "BUY", "hash": "b3c6c98234042c6f02422e5bddde13eaf464f7b5", "best_bid": "0.36", "best_ask": "0.5"}, {"asset_id": "72722740413428991232476199440482616266848807562551171262643304997471835041335", "price": "0.64", "size": "1895.5", "side": "SELL", "hash": "16408e6da952c76717825233b342f887dd808294", "best_bid": "0.5", "best_ask": "0.64"}], "timestamp": "1769384161192", "event_type": "price_change"}}
{"_local_timestamp": "2026-01-25T23:36:01.263579+00:00", "data": {"market": "0x2e682de014b1107bbbe99b51fda0bd738e06be920b206ca2155c176e526d0b71", "price_changes": [{"asset_id": "72722740413428991232476199440482616266848807562551171262643304997471835041335", "price": "0.58", "size": "339", "side": "BUY", "hash": "74db002c1b76d7f7e413f23ea2f6c1d88bfc95f6", "best_bid": "0.58", "best_ask": "0.64"}, {"asset_id": "66478363277733429083385177739383520176384178209951838647499870568419447942296", "price": "0.42", "size": "339", "side": "SELL", "hash": "aaf1fd4bbd2d1441f95bb22badce3d9e6563a98d", "best_bid": "0.36", "best_ask": "0.42"}], "timestamp": "1769384161192", "event_type": "price_change"}}
{"_local_timestamp": "2026-01-25T23:36:02.164926+00:00", "data": {"market": "0x6535b5298489fb13dbd8ccd8e159c863fc5f200bfa0fa54f42a4522277421bae", "price_changes": [{"asset_id": "70434658428379999369252938904488849693086861442981639719364000205857607396973", "price": "0.01", "size": "62.2", "side": "BUY", "hash": "2b70979d5395748057a9ab57c2a7d742e619990a", "best_bid": "0.11", "best_ask": "0.14"}, {"asset_id": "7877543056363159509921869877511237484906584134343838187388167251287924451427", "price": "0.99", "size": "62.2", "side": "SELL", "hash": "48e9ffda193765db8eac506654a946398c65da12", "best_bid": "0.86", "best_ask": "0.89"}], "timestamp": "1769384162095", "event_type": "price_change"}}
{"_local_timestamp": "2026-01-25T23:36:02.501929+00:00", "data": {"market": "0x6535b5298489fb13dbd8ccd8e159c863fc5f200bfa0fa54f42a4522277421bae", "price_changes": [{"asset_id": "70434658428379999369252938904488849693086861442981639719364000205857607396973", "price": "0.01", "size": "80.92", "side": "BUY", "hash": "0ebf10592b50b5711263af50e95d37946b2226ac", "best_bid": "0.11", "best_ask": "0.14"}, {"asset_id": "7877543056363159509921869877511237484906584134343838187388167251287924451427", "price": "0.99", "size": "80.92", "side": "SELL", "hash": "98598f995da8cba2e6f3858efdb1d52e33816942", "best_bid": "0.86", "best_ask": "0.89"}], "timestamp": "1769384162438", "event_type": "price_change"}}
{"_local_timestamp": "2026-01-25T23:36:02.511501+00:00", "data": {"market": "0x6535b5298489fb13dbd8ccd8e159c863fc5f200bfa0fa54f42a4522277421bae", "price_changes": [{"asset_id": "70434658428379999369252938904488849693086861442981639719364000205857607396973", "price": "0.01", "size": "99.64", "side": "BUY", "hash": "91d5fdb33eb39630154606b3335e65e5ec2223b7", "best_bid": "0.11", "best_ask": "0.14"}, {"asset_id": "7877543056363159509921869877511237484906584134343838187388167251287924451427", "price": "0.99", "size": "99.64", "side": "SELL", "hash": "41b9232932fc8b49f1006b5401977a777e856f10", "best_bid": "0.86", "best_ask": "0.89"}], "timestamp": "1769384162440", "event_type": "price_change"}}
{"_local_timestamp": "2026-01-25T23:36:03.886881+00:00", "data": {"market": "0x6535b5298489fb13dbd8ccd8e159c863fc5f200bfa0fa54f42a4522277421bae", "price_changes": [{"asset_id": "70434658428379999369252938904488849693086861442981639719364000205857607396973", "price": "0.01", "size": "80.92", "side": "BUY", "hash": "7739cfa5e52ca82db452bb1809be63d224a7a85b", "best_bid": "0.11", "best_ask": "0.14"}, {"asset_id": "7877543056363159509921869877511237484906584134343838187388167251287924451427", "price": "0.99", "size": "80.92", "side": "SELL", "hash": "c48153756145deb2e90e2cdff47c3dc9e757ad1f", "best_bid": "0.86", "best_ask": "0.89"}], "timestamp": "1769384163819", "event_type": "price_change"}}
{"_local_timestamp": "2026-01-25T23:36:03.892604+00:00", "data": {"market": "0x4410aca3a0fc9b5f50da0ac3232fe3d7796effe673697e4de80e63c3f850e2b6", "price_changes": [{"asset_id": "12960780696302692795365806171578964608567781021636713369142799408696231712351", "price": "0.016", "size": "6.18", "side": "BUY", "hash": "0c3816491263145494ec0e987cf4786e418a7703", "best_bid": "0.021", "best_ask": "0.025"}, {"asset_id": "66849841204764556934696568105307233935402465549434266880831999866159134523664", "price": "0.984", "size": "6.18", "side": "SELL", "hash": "dcef5b2f307f41bee61610c0cb6a10a21dab0f56", "best_bid": "0.975", "best_ask": "0.979"}], "timestamp": "1769384163819", "event_type": "price_change"}}
{"_local_timestamp": "2026-01-25T23:36:04.218788+00:00", "data": {"market": "0x4410aca3a0fc9b5f50da0ac3232fe3d7796effe673697e4de80e63c3f850e2b6", "price_changes": [{"asset_id": "12960780696302692795365806171578964608567781021636713369142799408696231712351", "price": "0.016", "size": "14.91", "side": "BUY", "hash": "1706c50ad2f5bf2ad0b56ea61034050baf883eab", "best_bid": "0.021", "best_ask": "0.025"}, {"asset_id": "66849841204764556934696568105307233935402465549434266880831999866159134523664", "price": "0.984", "size": "14.91", "side": "SELL", "hash": "0f0079460341dba63fb3a364b639124d1508f768", "best_bid": "0.975", "best_ask": "0.979"}], "timestamp": "1769384164135", "event_type": "price_change"}}
