{"_local_timestamp": "2026-01-25T23:41:29.353479+00:00", "data": [{"market": "0xef1b2af00d2b71bf3ba516e9764f136b56b8811f660ece4ce18b016c2c699085", "asset_id": "59582342066453349724359137425359519544894980445222954148109831331420990575301", "timestamp": "1769384409405", "hash": "e02174a05b230be94a981c8a481539f30fe3a703", "bids": [{"price": "0.01", "size": "50"}], "asks": [{"price": "0.99", "size": "50"}, {"price": "0.98", "size": "5.47"}], "event_type": "book", "last_trade_price": ""}, {"market": "0x76251b966586c0da8f42d3a772997755d292ca730d03bb82fabe7b697cc8e355", "asset_id": "69914370876400050445567986396793480074418275401531988510622862616053894697854", "timestamp": "1769384409406", "hash": "da94c67012aeb266381a426ddf38cd89228dfdc6", "bids": [{"price": "0.01", "size": "50"}, {"price": "0.02", "size": "5.47"}], "asks": [{"price": "0.99", "size": "50"}], "event_type": "book", "last_trade_price": ""}, {"market": "0xaa52aa68562cee7fdaa1c29da6bc55fdf416a9b55346ec449e0b6ba30044b9e3", "asset_id": "70378146541772846858854864748078870407619647143475957332061523207307465093305", "timestamp": "1769384409407", "hash": "b36813c3f579046381a4ce8f4ad4a5fbb4e96d22", "bids": [{"price": "0.01", "size": "50"}], "asks": [{"price": "0.99", "size": "50"}, {"price": "0.98", "size": "5.47"}], "event_type": "book", "last_trade_price": ""}, {"market": "0x76251b966586c0da8f42d3a772997755d292ca730d03bb82fabe7b697cc8e355", "asset_id": "66623963451459116706131618455868996050406747145572319060286915089652771685955", "timestamp": "1769384409406", "hash": "e71f847d5bd654c7ce34848f7965dce62932252d", "bids": [{"price": "0.01", "size": "50"}], "asks": [{"price": "0.99", "size": "50"}, {"price": "0.98", "size": "5.47"}], "event_type": "book", "last_trade_price": ""}, {"market": "0x2c8a6b90f5ee79375d8a416b41a3315810129b715088f0ba4df0fe01c25c3a49", "asset_id": "53651284513262649474746245817433216276225221919364375480084229683004716002415", "timestamp": "1769384409405", "hash": "465db6ebb602596c03156d063416d682ff37a219", "bids": [{"price": "0.01", "size": "50"}, {"price": "0.02", "size": "5.47"}], "asks": [{"price": "0.99", "size": "50"}], "event_type": "book", "last_trade_price": ""}, {"market": "0x2c8a6b90f5ee79375d8a416b41a3315810129b715088f0ba4df0fe01c25c3a49", "asset_id": "111012611447030072755444650460664690566066936452858691445941473377222824358940", "timestamp": "1769384409405", "hash": "78c60f7aabe0c4b340f725163d22eb132cac7cc9", "bids": [{"price": "0.01", "size": "50"}], "asks": [{"price": "0.99", "size": "50"}, {"price": "0.98", "size": "5.47"}], "event_type": "book", "last_trade_price": ""}, {"market": "0xef1b2af00d2b71bf3ba516e9764f136b56b8811f660ece4ce18b016c2c699085", "asset_id": "59547476944157238326866533370517844762470247655481052348671998809812435610828", "timestamp": "1769384409405", "hash": "76e814b819ca0a9aab94e6eee1623d378761b7c2", "bids": [{"price": "0.01", "size": "50"}, {"price": "0.02", "size": "5.47"}], "asks": [{"price": "0.99", "size": "50"}], "event_type": "book", "last_trade_price": ""}, {"market": "0x15d1b710c2d9a6e20a54ef5de0203979a37aeb9fe9c23e8bedc559dcf346a919", "asset_id": "40764922421969140200557403187956985658161454500357270633787501766849508359405", "timestamp": "1769384409405", "hash": "c3137f12cb586ec6ff7429966e5f4501c507aa12", "bids": [{"price": "0.01", "size": "50"}, {"price": "0.17", "size": "6"}, {"price": "0.42", "size": "34.47"}, {"price": "0.43", "size": "33"}], "asks": [{"price": "0.99", "size": "50"}, {"price": "0.9", "size": "10"}, {"price": "0.58", "size": "50"}, {"price": "0.57", "size": "33"}], "event_type": "book", "last_trade_price": "0.580"}, {"market": "0xc1a68da992229c80ac0f56e7960f69cbed26e9436bf8cca4bf51d62e0cca79e4", "asset_id": "96397090059599995515625855414609296256618850810883071419869221304729221806718", "timestamp": "1769384409407", "hash": "64fcc02699d14c7f6ced7ff568f9382ea84b515e", "bids": [{"price": "0.01", "size": "50"}, {"price": "0.02", "size": "5.47"}], "asks": [{"price": "0.99", "size": "50"}], "event_type": "book", "last_trade_price": ""}, {"market": "0x621df7b0bd1a0f293629f85b72353f2c3a3f8df774d3b88cc087e08494d9c618", "asset_id": "32251413109363498571288787657323790815933042250221418771973971592260160491234", "timestamp": "1769384409406", "hash": "6cb9ce8793c7cb47e97b227cc22ae42bd30702ce", "bids": [{"price": "0.01", "size": "50"}, {"price": "0.02", "size": "5.47"}], "asks": [{"price": "0.99", "size": "50"}], "event_type": "book", "last_trade_price": ""}, {"market": "0x621df7b0bd1a0f293629f85b72353f2c3a3f8df774d3b88cc087e08494d9c618", "asset_id": "111109750346293002272931579241268233793917357714571829623637640275857294894443", "timestamp": "1769384409406", "hash": "01a47a0b555a19eb2f55c4c8c8887bfe4c04e2d7", "bids": [{"price": "0.01", "size": "50"}], "asks": [{"price": "0.99", "size": "50"}, {"price": "0.98", "size": "5.47"}], "event_type": "book", "last_trade_price": ""}, {"market": "0x928cd35ba2dd542de3e563ab9e95def3a21ba955be10a8867544f3d7b340f46c", "asset_id": "58814229435456230144772483782105701518974565302907125918369209368676027765634", "timestamp": "1769384409406", "hash": "6876f59700f3a13ec8ae10ab68280fc3d8c5afe9", "bids": [{"price": "0.01", "size": "50"}], "asks": [{"price": "0.99", "size": "50"}, {"price": "0.98", "size": "5.47"}], "event_type": "book", "last_trade_price": ""}, {"market": "0x15d1b710c2d9a6e20a54ef5de0203979a37aeb9fe9c23e8bedc559dcf346a919", "asset_id": "80896595836295587100324923858260535847976055137196573993470928633951435534036", "timestamp": "1769384409405", "hash": "7cd42a8251eee2d74a743c9af7c6af8f9acc352e", "bids": [{"price": "0.01", "size": "50"}, {"price": "0.1", "size": "10"}, {"price": "0.42", "size": "50"}, {"price": "0.43", "size": "33"}], "asks": [{"price": "0.99", "size": "50"}, {"price": "0.83", "size": "6"}, {"price": "0.58", "size": "34.47"}, {"price": "0.57", "size": "33"}], "event_type": "book", "last_trade_price": "0.580"}, {"market": "0xc1a68da992229c80ac0f56e7960f69cbed26e9436bf8cca4bf51d62e0cca79e4", "asset_id": "63410400822503791996221923784819298500346334084706407092741380132050740241565", "timestamp": "1769384409407", "hash": "c84baec1548dbcb06943f1903c8f223a3e466e70", "bids": [{"price": "0.01", "size": "50"}], "asks": [{"price": "0.99", "size": "50"}, {"price": "0.98", "size": "5.47"}], "event_type": "book", "last_trade_price": ""}, {"market": "0xcd0d81603b34a46b4f79ea2988cef3eeb792aec8e48d97e8f5eb985b25ce5e12", "asset_id": "33458629168941261213019209783225214423872734509085255988292970223110100595759", "timestamp": "1769384409405", "hash": "a8ef777f1d42a655c9d1cbd55786707a1649a589", "bids": [{"price": "0.01", "size": "50"}], "asks": [{"price": "0.99", "size": "50"}, {"price": "0.98", "size": "5.47"}], "event_type": "book", "last_trade_price": ""}, {"market": "0xaa52aa68562cee7fdaa1c29da6bc55fdf416a9b55346ec449e0b6ba30044b9e3", "asset_id": "56673726643685640161326161175115005617056028069410583289683779655735194109131", "timestamp": "1769384409407", "hash": "e708ec05e6533f52477f8b3b2004d91f6a940939", "bids": [{"price": "0.01", "size": "50"}, {"price": "0.02", "size": "5.47"}], "asks": [{"price": "0.99", "size": "50"}], "event_type": "book", "last_trade_price": ""}, {"market": "0xcd0d81603b34a46b4f79ea2988cef3eeb792aec8e48d97e8f5eb985b25ce5e12", "asset_id": "98129151422058514291998331755976264428177825550787418907738347007359660219813", "timestamp": "1769384409405", "hash": "12ebb0fe12fc0e7bddd0714584d1908e6764153c", "bids": [{"price": "0.01", "size": "50"}, {"price": "0.02", "size": "5.47"}], "asks": [{"price": "0.99", "size": "50"}], "event_type": "book", "last_trade_price": ""}, {"market": "0x928cd35ba2dd542de3e563ab9e95def3a21ba955be10a8867544f3d7b340f46c", "asset_id": "36561009245802565220648022097724105999752075953950118993724739653773637023096", "timestamp": "1769384409406", "hash": "0f19bc63f963ea9c45a1401e8358235e8e8f646a", "bids": [{"price": "0.01", "size": "50"}, {"price": "0.02", "size": "5.47"}], "asks": [{"price": "0.99", "size": "50"}], "event_type": "book", "last_trade_price": ""}]}
