{"_local_timestamp": "2026-01-25T23:41:29.164916+00:00", "data": [{"market": "0xb17201a006c2fc618b2bbb0a581dbc78cf7c33429bab16d539b63198bc94b9a7", "asset_id": "100456014293257089003458021203362062824187401575648243555038850909373650630003", "timestamp": "1769384409407", "hash": "0988996afd5fe248a1f76f402a3af1fad9543425", "bids": [{"price": "0.01", "size": "50"}], "asks": [{"price": "0.99", "size": "50"}, {"price": "0.98", "size": "5.47"}], "event_type": "book", "last_trade_price": ""}, {"market": "0xcfb7c1eebf6c1577b6a7199b1a5e7e98f0bb40a2899772be7da7f81a383c48d6", "asset_id": "47776150381466677433594889349610042810421257460962678704892640305153381389404", "timestamp": "1769384409406", "hash": "67bacab78b8abe7eecccb04dbcca769de631b67a", "bids": [{"price": "0.01", "size": "50"}, {"price": "0.02", "size": "5.47"}], "asks": [{"price": "0.99", "size": "50"}], "event_type": "book", "last_trade_price": ""}, {"market": "0xf4fd225d4a21ac70ce13d9b23eb612043ab25fc1eb6230e17e79bce44fd758ed", "asset_id": "95906639779933013799038890892296384590362394103264282146502151192016395184249", "timestamp": "1769384409406", "hash": "186ba81e58ed9101178c1e08852e17ee51b132df", "bids": [{"price": "0.01", "size": "50"}, {"price": "0.02", "size": "5.47"}], "asks": [{"price": "0.99", "size": "50"}], "event_type": "book", "last_trade_price": ""}, {"market": "0xe0ad958e9f12c4402d0693683639d8035933ece759d833bbc72075f2288aa159", "asset_id": "31330525063730678313161071733657150481925251396178479323050648224106689611615", "timestamp": "1769384409406", "hash": "29a498702fa3f8cc81b75ea8417e585be15644b2", "bids": [{"price": "0.01", "size": "50"}, {"price": "0.02", "size": "5.47"}], "asks": [{"price": "0.99", "size": "50"}], "event_type": "book", "last_trade_price": ""}, {"market": "0xc1db6ece2b511d12ef9bb3eb6f24a59978ac2ed265e93a54588e6718eca65dcc", "asset_id": "76563330106038602309086131456902038089441385061668603781216935084654381171955", "timestamp": "1769384409406", "hash": "7161017a4adf65b9a0c32d5d84be9197a81ba131", "bids": [{"price": "0.01", "size": "50"}, {"price": "0.02", "size": "5.47"}], "asks": [{"price": "0.99", "size": "50"}], "event_type": "book", "last_trade_price": ""}, {"market": "0xc1db6ece2b511d12ef9bb3eb6f24a59978ac2ed265e93a54588e6718eca65dcc", "asset_id": "88480655462120620533571735193936997198310963292756702102191341861122684213087", "timestamp": "1769384409406", "hash": "46c230fd14eb2c37ef3bc65383d351736d8e846f", "bids": [{"price": "0.01", "size": "50"}], "asks": [{"price": "0.99", "size": "50"}, {"price": "0.98", "size": "5.47"}], "event_type": "book", "last_trade_price": ""}, {"market": "0xd123c557ca56e37b077d48196fe8a1f8f7c075d4f080ace495929acc50b3e8e4", "asset_id": "17175772692235402556851641223903161814854232283672142565443956405506074953491", "timestamp": "1769384409406", "hash": "068d29cb7dd939d0bf0994cd502873771c982dd4", "bids": [{"price": "0.01", "size": "50"}, {"price": "0.02", "size": "5.47"}, {"price": "0.1", "size": "110"}], "asks": [{"price": "0.99", "size": "50"}, {"price": "0.9", "size": "110"}], "event_type": "book", "last_trade_price": ""}, {"market": "0x7c91c949156c87de508508cbe51fcb7678d52872d1e5f3be9565beb4f40087b0", "asset_id": "97828989709197949943699439050986084203855800350930780744297608747345692400642", "timestamp": "1769384409405", "hash": "7a263e370fd679c3b9ecc606877f241dffd235eb", "bids": [{"price": "0.01", "size": "50"}], "asks": [{"price": "0.99", "size": "50"}, {"price": "0.98", "size": "5.47"}], "event_type": "book", "last_trade_price": ""}, {"market": "0xd6eabe88f5a76eeea8c6574f28a135391c7d12eabf36283570d43f3ebf83724f", "asset_id": "60405279150950096150846508983126043779088279561547257510004006457660793140691", "timestamp": "1769384409408", "hash": "37d5bdb792ac8bb19f9faaa7c68f0a662ba0b01d", "bids": [{"price": "0.01", "size": "50"}, {"price": "0.02", "size": "5.47"}], "asks": [{"price": "0.99", "size": "50"}], "event_type": "book", "last_trade_price": ""}, {"market": "0x7c91c949156c87de508508cbe51fcb7678d52872d1e5f3be9565beb4f40087b0", "asset_id": "112589505846813414562221089278983625973744989423436243661855297387964493818526", "timestamp": "1769384409405", "hash": "b461a03befebb4f789cf2cdeb8fa5f8a22211fb9", "bids": [{"price": "0.01", "size": "50"}, {"price": "0.02", "size": "5.47"}], "asks": [{"price": "0.99", "size": "50"}], "event_type": "book", "last_trade_price": ""}, {"market": "0xb17201a006c2fc618b2bbb0a581dbc78cf7c33429bab16d539b63198bc94b9a7", "asset_id": "56543552921573197163844307326238600575493762061549863633778503849059211492455", "timestamp": "1769384409407", "hash": "7f3a7925cc2fa536f9002c22ce9ebd1872b5f72e", "bids": [{"price": "0.01", "size": "50"}, {"price": "0.02", "size": "5.47"}], "asks": [{"price": "0.99", "size": "50"}], "event_type": "book", "last_trade_price": ""}, {"market": "0xd6eabe88f5a76eeea8c6574f28a135391c7d12eabf36283570d43f3ebf83724f", "asset_id": "25336485724606894888656110997037255464740175253074306748600574794917328643420", "timestamp": "1769384409408", "hash": "afe9689b03561be1a43a4a4a8d855191d9add13d", "bids": [{"price": "0.01", "size": "50"}], "asks": [{"price": "0.99", "size": "50"}, {"price": "0.98", "size": "5.47"}], "event_type": "book", "last_trade_price": ""}, {"market": "0xf4fd225d4a21ac70ce13d9b23eb612043ab25fc1eb6230e17e79bce44fd758ed", "asset_id": "73481993455166063930828446762811854508402531406685615174696518635361376690627", "timestamp": "1769384409406", "hash": "cf882e68d34a0d948b9627126aa65de63d9b2ace", "bids": [{"price": "0.01", "size": "50"}], "asks": [{"price": "0.99", "size": "50"}, {"price": "0.98", "size": "5.47"}], "event_type": "book", "last_trade_price": ""}, {"market": "0xcfb7c1eebf6c1577b6a7199b1a5e7e98f0bb40a2899772be7da7f81a383c48d6", "asset_id": "73934489467578509213837112565194844506842207487498272650673186919925919067640", "timestamp": "1769384409406", "hash": "bc2aa6c625968c9712a1795074845b91f0e76ba1", "bids": [{"price": "0.01", "size": "50"}], "asks": [{"price": "0.99", "size": "50"}, {"price": "0.98", "size": "5.47"}], "event_type": "book", "last_trade_price": ""}, {"market": "0xd123c557ca56e37b077d48196fe8a1f8f7c075d4f080ace495929acc50b3e8e4", "asset_id": "36754090719522945821246464650367269693620499979664822064265173847524936606356", "timestamp": "1769384409406", "hash": "49e80d219d9563f28ddeb7e99fb5923a23da4c24", "bids": [{"price": "0.01", "size": "50"}, {"price": "0.1", "size": "110"}], "asks": [{"price": "0.99", "size": "50"}, {"price": "0.98", "size": "5.47"}, {"price": "0.9", "size": "110"}], "event_type": "book", "last_trade_price": ""}, {"market": "0xcfb451169d178512df3293cd8830cffe61fbaa2522c15f66590710e250010335", "asset_id": "75753243347704104709775009265311071644420474073482825280394094186138211892769", "timestamp": "1769384409405", "hash": "4f1d41b7996d2af1725cad40ef46ac61997cf788", "bids": [{"price": "0.01", "size": "50"}, {"price": "0.02", "size": "5.47"}], "asks": [{"price": "0.99", "size": "101.24"}], "event_type": "book", "last_trade_price": ""}, {"market": "0xcfb451169d178512df3293cd8830cffe61fbaa2522c15f66590710e250010335", "asset_id": "77932326004756306609768875384960945320138397085061209447431592956900232980576", "timestamp": "1769384409405", "hash": "e2112d79f87708504668ed8bbb256e5b3fa63f0f", "bids": [{"price": "0.01", "size": "101.24"}], "asks": [{"price": "0.99", "size": "50"}, {"price": "0.98", "size": "5.47"}], "event_type": "book", "last_trade_price": ""}, {"market": "0xe0ad958e9f12c4402d0693683639d8035933ece759d833bbc72075f2288aa159", "asset_id": "115547296749693030799982123524026840178971995833433698917629432149784331627281", "timestamp": "1769384409406", "hash": "95184b1f7ea18638818d89f0b6d1d695dae3d95f", "bids": [{"price": "0.01", "size": "50"}], "asks": [{"price": "0.99", "size": "50"}, {"price": "0.98", "size": "5.47"}], "event_type": "book", "last_trade_price": ""}]}
