{"_local_timestamp": "2026-01-25T23:41:32.128963+00:00", "data": [{"market": "0x9021942ed6c3f4b841286240c71adfa46e277821f322386c7a866058ac912bb3", "asset_id": "41647145212668439013284571469195946125595189911119195764019333632694018231576", "timestamp": "1769384409405", "hash": "f5ee3d260e8be9d33a674379666e95258cf71ca8", "bids": [{"price": "0.01", "size": "50"}, {"price": "0.1", "size": "110"}], "asks": [{"price": "0.99", "size": "50"}, {"price": "0.98", "size": "5.47"}, {"price": "0.9", "size": "110"}], "event_type": "book", "last_trade_price": ""}, {"market": "0x21cc614a7dd40bc129f7f1d8ff6637930a022aba7bc768b9ab2a84cb3e7a50fa", "asset_id": "95044101413037502585077252088774636054368682410069603489999739052608102916403", "timestamp": "1769384409408", "hash": "5237ddefc3a09332110df545f151fc98b981303b", "bids": [{"price": "0.01", "size": "50"}, {"price": "0.02", "size": "5.47"}], "asks": [{"price": "0.99", "size": "50"}], "event_type": "book", "last_trade_price": ""}, {"market": "0xfae8b3837b46d79dee92747981cd845f8312cc9a033902952f9b8c2479a6ea13", "asset_id": "40546560540272886659903854890287349047455451635344270553076488840280443148516", "timestamp": "1769384409405", "hash": "b97e45ef4b2e22e7b843ce660682f2db7c3bc5b3", "bids": [{"price": "0.01", "size": "50"}], "asks": [{"price": "0.99", "size": "100"}, {"price": "0.98", "size": "5.47"}], "event_type": "book", "last_trade_price": ""}, {"market": "0xb03cc6cd6786beb0a09f63627ffa58f47073c9ad1e3ca6774b35d5d0e95fc6e7", "asset_id": "45341389000857282456366607540537293394085815974550605898938518779671802662154", "timestamp": "1769384409406", "hash": "3056c6e88db2d0e0ed5929a8ff68b1f4d6a40a51", "bids": [{"price": "0.01", "size": "50"}, {"price": "0.02", "size": "5.47"}], "asks": [{"price": "0.99", "size": "50"}], "event_type": "book", "last_trade_price": ""}, {"market": "0x9021942ed6c3f4b841286240c71adfa46e277821f322386c7a866058ac912bb3", "asset_id": "61033432073051542961490486894745316559879914542815601998678586245514977052811", "timestamp": "1769384409405", "hash": "5800afa16d72f34678bbfdb17b6af0d28a7fb092", "bids": [{"price": "0.01", "size": "50"}, {"price": "0.02", "size": "5.47"}, {"price": "0.1", "size": "110"}], "asks": [{"price": "0.99", "size": "50"}, {"price": "0.9", "size": "110"}], "event_type": "book", "last_trade_price": ""}, {"market": "0xb03cc6cd6786beb0a09f63627ffa58f47073c9ad1e3ca6774b35d5d0e95fc6e7", "asset_id": "89096786855024427565872348289573619177210683456419076490092458070644629329753", "timestamp": "1769384409406", "hash": "3ef09d794ba7114cdadc3f353e1ba212f0339a8f", "bids": [{"price": "0.01", "size": "50"}], "asks": [{"price": "0.99", "size": "50"}, {"price": "0.98", "size": "5.47"}], "event_type": "book", "last_trade_price": ""}, {"market": "0x768d6dad02574cab8bb1d9f26876fa248778b77582433681ae701f58ff00cd90", "asset_id": "64710698789942567906756793300007067613448119895559195216553030292414990101736", "timestamp": "1769384409976", "hash": "1f1af72db603716b471108e196a7cfbbda7517dd", "bids": [{"price": "0.01", "size": "50"}], "asks": [{"price": "0.99", "size": "50"}, {"price": "0.98", "size": "5.47"}], "event_type": "book", "last_trade_price": ""}, {"market": "0x4ac15bee7caa16883be3187befa7bd65ce4eca1eb7b539d378ebed22e1b058bb", "asset_id": "24680910478396093952735482215086109611927878638816951286134132851985912688449", "timestamp": "1769384409975", "hash": "209aca23985b853811353cdeb0bac57ed222e6f3", "bids": [{"price": "0.01", "size": "50"}], "asks": [{"price": "0.99", "size": "50"}, {"price": "0.98", "size": "5.47"}], "event_type": "book", "last_trade_price": ""}, {"market": "0x8b53b46dbfd723358744d7898afbca38fb626e294c6537f1b4a0862988b25535", "asset_id": "110115712053152773314800797180664480317503898750845243912123917361305803935830", "timestamp": "1769384409408", "hash": "24827d3c240ca8074f8b4b403071eaa4b110a7c7", "bids": [{"price": "0.01", "size": "50"}], "asks": [{"price": "0.99", "size": "50"}, {"price": "0.98", "size": "5.47"}], "event_type": "book", "last_trade_price": ""}, {"market": "0x622fb9f7a55d277c7a27626fcb5416e5343366ef9955241c20343ad1548edd39", "asset_id": "91304469547917693948969959662038377929856970555913863052620860506096006246765", "timestamp": "1769384409405", "hash": "2fc1793bbb97bf52bb2f1d7462a9e935936112eb", "bids": [{"price": "0.01", "size": "50"}, {"price": "0.02", "size": "5.47"}], "asks": [{"price": "0.99", "size": "50"}], "event_type": "book", "last_trade_price": ""}, {"market": "0x023752c420764f9329a44fc3ea6fd7c3c8d9d9a1d77eb302b8062389ce2f0eb1", "asset_id": "79593461814036149356646049044254979188312868100198187601799390910993638947878", "timestamp": "1769384409405", "hash": "72f2dba1531603b1f3549bc5615fcfe7fc3f3975", "bids": [{"price": "0.01", "size": "50"}, {"price": "0.02", "size": "5.47"}], "asks": [{"price": "0.99", "size": "50"}], "event_type": "book", "last_trade_price": ""}, {"market": "0x768d6dad02574cab8bb1d9f26876fa248778b77582433681ae701f58ff00cd90", "asset_id": "103390677861024490260426649865711745350080844817930626810725822706582817214196", "timestamp": "1769384409976", "hash": "e07fa7c6d6e57768ce1f0a9efffb8e16fc385300", "bids": [{"price": "0.01", "size": "50"}, {"price": "0.02", "size": "5.47"}], "asks": [{"price": "0.99", "size": "50"}], "event_type": "book", "last_trade_price": ""}, {"market": "0x023752c420764f9329a44fc3ea6fd7c3c8d9d9a1d77eb302b8062389ce2f0eb1", "asset_id": "20323382689899398653493520029524838698926237306859865125148223414768313224838", "timestamp": "1769384409405", "hash": "a5173a770ab4c4519ca503ba1349ec803fba7dc7", "bids": [{"price": "0.01", "size": "50"}], "asks": [{"price": "0.99", "size": "50"}, {"price": "0.98", "size": "5.47"}], "event_type": "book", "last_trade_price": ""}, {"market": "0x4ac15bee7caa16883be3187befa7bd65ce4eca1eb7b539d378ebed22e1b058bb", "asset_id": "16944347364462240476956303042325414103129840143264974094028579145200265428433", "timestamp": "1769384409975", "hash": "0f3316325afe6276c34cd82eee0a53227718922b", "bids": [{"price": "0.01", "size": "100"}, {"price": "0.02", "size": "5.47"}], "asks": [{"price": "0.99", "size": "50"}], "event_type": "book", "last_trade_price": ""}, {"market": "0x8b53b46dbfd723358744d7898afbca38fb626e294c6537f1b4a0862988b25535", "asset_id": "42871007175768462317023737749290757265511674498180157828178866719395139108072", "timestamp": "1769384409408", "hash": "cff94a77009c4159327ecb26aab82bc396363a71", "bids": [{"price": "0.01", "size": "50"}, {"price": "0.02", "size": "5.47"}], "asks": [{"price": "0.99", "size": "50"}], "event_type": "book", "last_trade_price": ""}, {"market": "0x622fb9f7a55d277c7a27626fcb5416e5343366ef9955241c20343ad1548edd39", "asset_id": "35455233327137068838653440730737345186580885506996065379945074777008816336206", "timestamp": "1769384409405", "hash": "11ecbb2921cabc5195000b6128cff9b679f7a1d3", "bids": [{"price": "0.01", "size": "50"}], "asks": [{"price": "0.99", "size": "50"}, {"price": "0.98", "size": "5.47"}], "event_type": "book", "last_trade_price": ""}, {"market": "0xfae8b3837b46d79dee92747981cd845f8312cc9a033902952f9b8c2479a6ea13", "asset_id": "39585727593114987889195252357910687005525107036178246162165919443182320622073", "timestamp": "1769384409405", "hash": "7697f43a62dde96e341a7f941f58a425f724b168", "bids": [{"price": "0.01", "size": "100"}, {"price": "0.02", "size": "5.47"}], "asks": [{"price": "0.99", "size": "50"}], "event_type": "book", "last_trade_price": ""}, {"market": "0x21cc614a7dd40bc129f7f1d8ff6637930a022aba7bc768b9ab2a84cb3e7a50fa", "asset_id": "38913698973384144683007454022034838625973423398295622934468439267629025668853", "timestamp": "1769384409408", "hash": "f0b0355115df797563c1b97804022be9deab5118", "bids": [{"price": "0.01", "size": "50"}], "asks": [{"price": "0.99", "size": "50"}, {"price": "0.98", "size": "5.47"}], "event_type": "book", "last_trade_price": ""}]}
