{"_local_timestamp": "2026-01-25T23:41:29.269162+00:00", "data": [{"market": "0x1967d1ec47307fcb1e51abfee4e7b029bfe44a9e87bca0eafff1813527973625", "asset_id": "107272305850957684418558078685745219367727493317743785823676835959230929109991", "timestamp": "1769384409405", "hash": "724d0fde44332527fee6c47bd892ccbc8d743931", "bids": [{"price": "0.01", "size": "50"}, {"price": "0.02", "size": "30.47"}], "asks": [{"price": "0.99", "size": "50"}], "event_type": "book", "last_trade_price": ""}, {"market": "0xdf97dbf83a7a36a57e58a3108cece024927ec5315715266d25b6cb29556f1315", "asset_id": "105836228481193643991524057007461706906138027298778485995557523158564292637717", "timestamp": "1769384409407", "hash": "da983872649c4d5b4becacdababa740a5052972c", "bids": [{"price": "0.01", "size": "50"}, {"price": "0.02", "size": "5.47"}], "asks": [{"price": "0.99", "size": "50"}], "event_type": "book", "last_trade_price": ""}, {"market": "0x1967d1ec47307fcb1e51abfee4e7b029bfe44a9e87bca0eafff1813527973625", "asset_id": "54575171430626998813313358967981469636215022460964802712675276362836436566603", "timestamp": "1769384409407", "hash": "f2a475254182e436ec306e9a82cd657fb6c59381", "bids": [{"price": "0.01", "size": "50"}], "asks": [{"price": "0.99", "size": "50"}, {"price": "0.98", "size": "5.47"}], "event_type": "book", "last_trade_price": ""}, {"market": "0x386638fea22931b0559b1fc7f2d20a8fec5fb3beb0cdd165794cda960fc63d97", "asset_id": "29722782189960593456295910955764166626635074374812872562006668585514484549832", "timestamp": "1769384409406", "hash": "7855691c76d4f0aeb0f3f5dbc50d34b3008efa89", "bids": [{"price": "0.01", "size": "50"}], "asks": [{"price": "0.99", "size": "50"}, {"price": "0.98", "size": "5.47"}], "event_type": "book", "last_trade_price": ""}, {"market": "0xe1b584a0677c16ac3879f070e28356da038b6b3f24dc742bdc7aafc7d694f9ee", "asset_id": "73313266141732039845015466637650755138009293529548509438926596981306151464772", "timestamp": "1769384409406", "hash": "73575ccdd873c0cfb62e4bd6cad3ca360f4dfd33", "bids": [{"price": "0.01", "size": "50"}], "asks": [{"price": "0.99", "size": "50"}, {"price": "0.98", "size": "5.47"}], "event_type": "book", "last_trade_price": ""}, {"market": "0x146c9640b2d39e94962111d397bc8f86ad2a6d8290b5acfb7ad7fd1c31540f09", "asset_id": "92946639212884855704512896530423360139435763669338097731744047869824165332529", "timestamp": "1769384409405", "hash": "11aacad639b6b2b0bfa5db6867c3349bc0167314", "bids": [{"price": "0.01", "size": "50"}], "asks": [{"price": "0.99", "size": "50"}, {"price": "0.98", "size": "5.47"}], "event_type": "book", "last_trade_price": ""}, {"market": "0xdf97dbf83a7a36a57e58a3108cece024927ec5315715266d25b6cb29556f1315", "asset_id": "75441552268440613018301935238034340831460173833587045191612952709589770861556", "timestamp": "1769384409407", "hash": "5aa15af28513fcfe5f345672eaf9df5261453b31", "bids": [{"price": "0.01", "size": "50"}], "asks": [{"price": "0.99", "size": "50"}, {"price": "0.98", "size": "5.47"}], "event_type": "book", "last_trade_price": ""}, {"market": "0xf4af0995dd6ea24ebb0529c98dd3cddfed5ed73abbc7dea8a4cfe4c70fef4e22", "asset_id": "81525637074383230231642378056041231607869319256522741421567046089352946001353", "timestamp": "1769384409405", "hash": "849c0144083effc0243114395897fcb73e685961", "bids": [{"price": "0.01", "size": "50"}], "asks": [{"price": "0.99", "size": "50"}, {"price": "0.98", "size": "5.47"}], "event_type": "book", "last_trade_price": ""}, {"market": "0xf4af0995dd6ea24ebb0529c98dd3cddfed5ed73abbc7dea8a4cfe4c70fef4e22", "asset_id": "68820714726061576502462998438824255580513745013110874588676144486751344626514", "timestamp": "1769384409405", "hash": "fad8cc4d1a3796e8e6fcba4066e241e10f04a003", "bids": [{"price": "0.01", "size": "50"}, {"price": "0.02", "size": "5.47"}], "asks": [{"price": "0.99", "size": "50"}], "event_type": "book", "last_trade_price": ""}, {"market": "0x370dfab8f60686c56673717bfdbbe64d2230c2988bb9460ab31c398a129ac73f", "asset_id": "108208655561149626598698784027253001492302003386443596746341151855743758939564", "timestamp": "1769384409405", "hash": "0ff45ecf1838cdf6343f3d3a350e5dcd9d3b51f0", "bids": [{"price": "0.01", "size": "50"}], "asks": [{"price": "0.99", "size": "50"}, {"price": "0.98", "size": "5.47"}], "event_type": "book", "last_trade_price": ""}, {"market": "0x386638fea22931b0559b1fc7f2d20a8fec5fb3beb0cdd165794cda960fc63d97", "asset_id": "22110202957737055815983940005667975789847168134621115068654955751776788596524", "timestamp": "1769384409405", "hash": "5db70b97671e4b0ff7b202f01b2beebb8407adf8", "bids": [{"price": "0.01", "size": "100"}, {"price": "0.02", "size": "5.47"}], "asks": [{"price": "0.99", "size": "50"}], "event_type": "book", "last_trade_price": ""}, {"market": "0x146c9640b2d39e94962111d397bc8f86ad2a6d8290b5acfb7ad7fd1c31540f09", "asset_id": "10678111254598347405694987313836500269567424351980315781367229715390275295265", "timestamp": "1769384409405", "hash": "816c7894ef68bb487b7303cd0724c0bb40298bbb", "bids": [{"price": "0.01", "size": "50"}, {"price": "0.02", "size": "5.47"}], "asks": [{"price": "0.99", "size": "50"}], "event_type": "book", "last_trade_price": ""}, {"market": "0x40f859f3f81f0c47c70fa7445688c72ecb211d8bf638689ca1d13ee77c3c311b", "asset_id": "9599275079087607763108235157860149469136591075648616387065957140768681026036", "timestamp": "1769384409406", "hash": "36597a994c8f6ca236b35bd3310cf808efdca6df", "bids": [{"price": "0.01", "size": "50"}], "asks": [{"price": "0.99", "size": "50"}, {"price": "0.98", "size": "5.47"}], "event_type": "book", "last_trade_price": ""}, {"market": "0xe1b584a0677c16ac3879f070e28356da038b6b3f24dc742bdc7aafc7d694f9ee", "asset_id": "25318316656585771454509618105132448536600369387777993708606009502489051335263", "timestamp": "1769384409406", "hash": "e255fc8bfdb3f92899e79de625884a9bf108284f", "bids": [{"price": "0.01", "size": "50"}, {"price": "0.02", "size": "5.47"}], "asks": [{"price": "0.99", "size": "50"}], "event_type": "book", "last_trade_price": ""}, {"market": "0x370dfab8f60686c56673717bfdbbe64d2230c2988bb9460ab31c398a129ac73f", "asset_id": "86829256651019976360319454277409218988318903570326724146299674143080767790585", "timestamp": "1769384409405", "hash": "01e5bcfd109f990ee9a3c7c205aea6a7171cc05d", "bids": [{"price": "0.01", "size": "50"}, {"price": "0.02", "size": "5.47"}], "asks": [{"price": "0.99", "size": "50"}], "event_type": "book", "last_trade_price": ""}, {"market": "0x9a5fe4694308f73edba9b87d1e7d8a849d11d167dc6ef1c6a7f2df49f43ce39a", "asset_id": "81281360268725917291602268267476885115944736590110462750484068523673383820960", "timestamp": "1769384409404", "hash": "859632c3f94812facd19be37ccff0ec6fc23f818", "bids": [{"price": "0.01", "size": "50"}, {"price": "0.02", "size": "5.47"}, {"price": "0.1", "size": "110"}], "asks": [{"price": "0.99", "size": "50"}, {"price": "0.9", "size": "110"}], "event_type": "book", "last_trade_price": ""}, {"market": "0x9a5fe4694308f73edba9b87d1e7d8a849d11d167dc6ef1c6a7f2df49f43ce39a", "asset_id": "102875581434000592687327487752788261080653484972760388733103002721335949557046", "timestamp": "1769384409404", "hash": "095d4a4db85b0a55f8969b95b55a30387c0147bf", "bids": [{"price": "0.01", "size": "50"}, {"price": "0.1", "size": "110"}], "asks": [{"price": "0.99", "size": "50"}, {"price": "0.98", "size": "5.47"}, {"price": "0.9", "size": "110"}], "event_type": "book", "last_trade_price": ""}, {"market": "0x40f859f3f81f0c47c70fa7445688c72ecb211d8bf638689ca1d13ee77c3c311b", "asset_id": "50284616088466767434807671846724073302003372823394382520564284760698491392312", "timestamp": "1769384409406", "hash": "0d3cbb89a0e9f07d53cbd7509719cead2cab5907", "bids": [{"price": "0.01", "size": "50"}, {"price": "0.02", "size": "5.47"}], "asks": [{"price": "0.99", "size": "50"}], "event_type": "book", "last_trade_price": ""}]}
