{"_local_timestamp": "2026-01-25T23:41:31.662456+00:00", "data": [{"market": "0x0fbb608effa08f5a292ad94408281aaa39a9dac6662fef30cbea42ba8913ebbe", "asset_id": "7502066363859582236592664753120502551231294296280429024525977953698509882077", "timestamp": "1769384409405", "hash": "d2d6033f1526e91af19c96e6fae8a597348853e2", "bids": [{"price": "0.01", "size": "50"}, {"price": "0.02", "size": "5.47"}, {"price": "0.1", "size": "110"}], "asks": [{"price": "0.99", "size": "50"}, {"price": "0.98", "size": "25"}, {"price": "0.9", "size": "110"}], "event_type": "book", "last_trade_price": ""}, {"market": "0xe6c53619f8fe2fe934e371383a1ea1d72269f0206dc16f1f73c79dcca448b04d", "asset_id": "60482892811226617906909669901050720924794583133626936913162501056720533562848", "timestamp": "1769384409404", "hash": "79e709228b57e0725fbea184533cf8dd83bb34e9", "bids": [{"price": "0.01", "size": "50"}, {"price": "0.02", "size": "5.47"}], "asks": [{"price": "0.99", "size": "50"}], "event_type": "book", "last_trade_price": ""}, {"market": "0x470aad31f33de5da93ac98cdc4b99b25a8f26dd139eb5b1c00db5b3ad63cd336", "asset_id": "85073607959304675699112774498597560532404817388526183657628642602853579401846", "timestamp": "1769384409405", "hash": "9e41fd3eee3dfbe31542d241070d26c74fb244b7", "bids": [{"price": "0.01", "size": "50"}, {"price": "0.02", "size": "5.47"}], "asks": [{"price": "0.99", "size": "50"}], "event_type": "book", "last_trade_price": ""}, {"market": "0x463876cb4984d87c03650dfbe425ee7b049c58bb19dc8d7ac00b53af5047ebec", "asset_id": "44001182449305947784289296362630476584519346026492902778520708901046857578945", "timestamp": "1769384409406", "hash": "5159b067ccf455baed7e97e5274256b2940bb993", "bids": [{"price": "0.01", "size": "50"}, {"price": "0.02", "size": "5.47"}], "asks": [{"price": "0.99", "size": "50"}], "event_type": "book", "last_trade_price": ""}, {"market": "0x2c9f080a01989b8f75f992bf8f3d1e16e1f160fc29d45b260bc60781c2945d82", "asset_id": "74051292259229423582311360445574170727914649206938129849317359569354976233228", "timestamp": "1769384409404", "hash": "038091a5d17059ae1e76f2fe7b81c7ba207b1978", "bids": [{"price": "0.01", "size": "50"}, {"price": "0.02", "size": "5.47"}], "asks": [{"price": "0.99", "size": "50"}], "event_type": "book", "last_trade_price": ""}, {"market": "0xdbc0558fc5bd39d7d2922491a087d9befabd3385ab1e15253ff71cd443e3acd8", "asset_id": "32483810079569394771574472379816356290392033964945657708654666816326053947167", "timestamp": "1769384409406", "hash": "af89cb2a8b0f5aae6a2781b9b09f1f4e680a4f1e", "bids": [{"price": "0.01", "size": "50"}], "asks": [{"price": "0.99", "size": "50"}, {"price": "0.98", "size": "5.47"}], "event_type": "book", "last_trade_price": ""}, {"market": "0x463876cb4984d87c03650dfbe425ee7b049c58bb19dc8d7ac00b53af5047ebec", "asset_id": "92716196090862766033465607035233801957192249270858300820075245114129948722792", "timestamp": "1769384409406", "hash": "1f049b6123c6d7a784e8bc552b539fcda193ec0b", "bids": [{"price": "0.01", "size": "50"}], "asks": [{"price": "0.99", "size": "50"}, {"price": "0.98", "size": "5.47"}], "event_type": "book", "last_trade_price": ""}, {"market": "0xdbc0558fc5bd39d7d2922491a087d9befabd3385ab1e15253ff71cd443e3acd8", "asset_id": "64946014093185732479918092255274595908396662368254204108661292664739126874900", "timestamp": "1769384409406", "hash": "453897cd5e4ca293e483c582107cc2a2446db922", "bids": [{"price": "0.01", "size": "50"}, {"price": "0.02", "size": "5.47"}], "asks": [{"price": "0.99", "size": "50"}], "event_type": "book", "last_trade_price": ""}, {"market": "0x87953c22f69c67993253b9065e41faed87078e7a3cdde40ada8d3dd2d435365a", "asset_id": "7413729163628858804149486099272830293719663877084187172732975990556841419007", "timestamp": "1769384409407", "hash": "bc23a401cb9066f609c48e7789d7b09b22e4b1cb", "bids": [{"price": "0.01", "size": "50"}], "asks": [{"price": "0.99", "size": "50"}, {"price": "0.98", "size": "5.47"}], "event_type": "book", "last_trade_price": ""}, {"market": "0x0fbb608effa08f5a292ad94408281aaa39a9dac6662fef30cbea42ba8913ebbe", "asset_id": "46376946220398564586565252053719296551930531158749506598305134260045395911708", "timestamp": "1769384409406", "hash": "70782a006fdcb1e5e95a80ff3cbdfde127e714a0", "bids": [{"price": "0.01", "size": "50"}, {"price": "0.1", "size": "110"}], "asks": [{"price": "0.99", "size": "50"}, {"price": "0.98", "size": "5.47"}, {"price": "0.9", "size": "110"}], "event_type": "book", "last_trade_price": ""}, {"market": "0x88ee6d7961dae303964031b36db70e416919ec3b073d511762197ac5490797e2", "asset_id": "105117193960558788066759106361507213044157949759617497228378273593981116446944", "timestamp": "1769384409405", "hash": "bc5baadfe409b3ab4dd220ac4ec33818bcfd40de", "bids": [{"price": "0.01", "size": "50"}, {"price": "0.02", "size": "5.47"}], "asks": [{"price": "0.99", "size": "50"}], "event_type": "book", "last_trade_price": ""}, {"market": "0xe6c53619f8fe2fe934e371383a1ea1d72269f0206dc16f1f73c79dcca448b04d", "asset_id": "18582409396416270774872547087279385908436557444272349476107948436858380057823", "timestamp": "1769384409404", "hash": "d36f3e2dfd0fbe9211865e16ef4067dc989b0cc4", "bids": [{"price": "0.01", "size": "50"}], "asks": [{"price": "0.99", "size": "50"}, {"price": "0.98", "size": "5.47"}], "event_type": "book", "last_trade_price": ""}, {"market": "0x88ee6d7961dae303964031b36db70e416919ec3b073d511762197ac5490797e2", "asset_id": "79303049902260114902423196980250333914694708131512868606399085282323539097810", "timestamp": "1769384409405", "hash": "a3daa364747739ed3f6a2a42b7bdda00db7b1cf3", "bids": [{"price": "0.01", "size": "50"}], "asks": [{"price": "0.99", "size": "50"}, {"price": "0.98", "size": "5.47"}], "event_type": "book", "last_trade_price": ""}, {"market": "0x87953c22f69c67993253b9065e41faed87078e7a3cdde40ada8d3dd2d435365a", "asset_id": "109931330140173980717511127499199082428929566610203254790102530607810611909359", "timestamp": "1769384409407", "hash": "cd5d9f6af664ab717a5b0e9d8210d757b9d126cd", "bids": [{"price": "0.01", "size": "50"}, {"price": "0.02", "size": "5.47"}], "asks": [{"price": "0.99", "size": "50"}], "event_type": "book", "last_trade_price": ""}, {"market": "0xe7ed9ef5bb4f65922b837c5bb42021a360d5e0cfd740ed76ae3a8ba2362847f0", "asset_id": "98757142814754661263088646285130031233407690168682862383560196537391484707408", "timestamp": "1769384409406", "hash": "89b18fe4cd3600c0ac4f42abc8cc67827b29cd06", "bids": [{"price": "0.01", "size": "50"}, {"price": "0.02", "size": "5.47"}], "asks": [{"price": "0.99", "size": "50"}], "event_type": "book", "last_trade_price": ""}, {"market": "0x470aad31f33de5da93ac98cdc4b99b25a8f26dd139eb5b1c00db5b3ad63cd336", "asset_id": "25644661719883901599023074031438126092228307407029806999898329646459082619033", "timestamp": "1769384409405", "hash": "be963950a0c5702320b0f615fb816a5b805b2283", "bids": [{"price": "0.01", "size": "50"}], "asks": [{"price": "0.99", "size": "50"}, {"price": "0.98", "size": "5.47"}], "event_type": "book", "last_trade_price": ""}, {"market": "0x2c9f080a01989b8f75f992bf8f3d1e16e1f160fc29d45b260bc60781c2945d82", "asset_id": "1508458482139122917153682874902057907310628339139750368104729193114899951425", "timestamp": "1769384409404", "hash": "5a66a5a29dd6a3bd70753e4178767283e8caf7d4", "bids": [{"price": "0.01", "size": "50"}], "asks": [{"price": "0.99", "size": "50"}, {"price": "0.98", "size": "5.47"}], "event_type": "book", "last_trade_price": ""}, {"market": "0xe7ed9ef5bb4f65922b837c5bb42021a360d5e0cfd740ed76ae3a8ba2362847f0", "asset_id": "37462551510273933418047858212180417075876826283913481915389874043384123644553", "timestamp": "1769384409406", "hash": "6336f4cb8aaf722d2d987f083d8c8ce38e0bcf30", "bids": [{"price": "0.01", "size": "50"}], "asks": [{"price": "0.99", "size": "50"}, {"price": "0.98", "size": "5.47"}], "event_type": "book", "last_trade_price": ""}]}
