{"_local_timestamp": "2026-01-25T23:34:17.545208+00:00", "data": [{"market": "0xc4ab69f275873c01d82e1ec3599fc2de754a331ce8016d039e3a17df33b3e811", "asset_id": "28969163198338678876511496570483675945188281671506131709748060595247135212181", "timestamp": "1769383461160", "hash": "a414c7bf81d0a2984abc745590f997c1a402dc61", "bids": [{"price": "0.01", "size": "14.84"}, {"price": "0.03", "size": "100"}, {"price": "0.04", "size": "5.05"}, {"price": "0.08", "size": "100"}, {"price": "0.09", "size": "6.36"}, {"price": "0.14", "size": "50"}, {"price": "0.2", "size": "200"}, {"price": "0.55", "size": "1398"}], "asks": [{"price": "0.99", "size": "14.45"}, {"price": "0.97", "size": "100"}, {"price": "0.96", "size": "5.61"}, {"price": "0.92", "size": "100"}, {"price": "0.91", "size": "7.01"}, {"price": "0.6", "size": "1313"}], "event_type": "book", "last_trade_price": "0.560"}, {"market": "0x4d27ab452598546f07e48857a0541410a1dc8ac2ed6bee9cf20f161d4422b75c", "asset_id": "102787030895862989787601223106893171380153069856173167635785184874379390073499", "timestamp": "1769378129712", "hash": "578f566f7a32cd54563967bf6d44e1f12b4b1560", "bids": [{"price": "0.01", "size": "14.3"}], "asks": [{"price": "0.99", "size": "35.12"}, {"price": "0.96", "size": "5.47"}, {"price": "0.95", "size": "5.47"}], "event_type": "book", "last_trade_price": ""}, {"market": "0xf79be832f07e40c25e75c813d0677264b3dab50d3038140072c74b71081bcde1", "asset_id": "5084163006499060540497625364038978213871774380101289400527464403692516048054", "timestamp": "1769383462239", "hash": "4c0abc8fa318f3975a30f6c046af65557473eb38", "bids": [{"price": "0.01", "size": "14.98"}, {"price": "0.03", "size": "100"}, {"price": "0.04", "size": "5.12"}, {"price": "0.08", "size": "100"}, {"price": "0.09", "size": "7.17"}, {"price": "0.14", "size": "50"}, {"price": "0.2", "size": "200"}, {"price": "0.52", "size": "1447"}, {"price": "0.55", "size": "6"}], "asks": [{"price": "0.99", "size": "15.04"}, {"price": "0.97", "size": "100"}, {"price": "0.96", "size": "5.47"}, {"price": "0.92", "size": "100"}, {"price": "0.91", "size": "7"}, {"price": "0.57", "size": "1216"}], "event_type": "book", "last_trade_price": "0.550"}, {"market": "0x234399959a5ed4c22a6369ba254291834c503f128547433507322b478da7b6b0", "asset_id": "43751763720850687932267826358467885963296871491351664173640942664336811115210", "timestamp": "1769383878450", "hash": "14d67151dea23dca2f7b6cda5448b93ce958d119", "bids": [{"price": "0.01", "size": "14.51"}, {"price": "0.03", "size": "100"}, {"price": "0.04", "size": "5.51"}, {"price": "0.08", "size": "100"}, {"price": "0.09", "size": "7.05"}, {"price": "0.41", "size": "1280"}, {"price": "0.44", "size": "5"}], "asks": [{"price": "0.99", "size": "14.84"}, {"price": "0.97", "size": "100"}, {"price": "0.96", "size": "5.05"}, {"price": "0.92", "size": "100"}, {"price": "0.91", "size": "6.36"}, {"price": "0.86", "size": "50"}, {"price": "0.8", "size": "200"}, {"price": "0.46", "size": "1414"}], "event_type": "book", "last_trade_price": "0.550"}, {"market": "0xf79be832f07e40c25e75c813d0677264b3dab50d3038140072c74b71081bcde1", "asset_id": "38362135793484334451520001567708986240662603430752001735916576727929749634361", "timestamp": "1769383462239", "hash": "af3b8c9ccaf93d9334fc60f274d8e7b9313d22c7", "bids": [{"price": "0.01", "size": "15.04"}, {"price": "0.03", "size": "100"}, {"price": "0.04", "size": "5.47"}, {"price": "0.08", "size": "100"}, {"price": "0.09", "size": "7"}, {"price": "0.43", "size": "1216"}], "asks": [{"price": "0.99", "size": "14.98"}, {"price": "0.97", "size": "100"}, {"price": "0.96", "size": "5.12"}, {"price": "0.92", "size": "100"}, {"price": "0.91", "size": "7.17"}, {"price": "0.86", "size": "50"}, {"price": "0.8", "size": "200"}, {"price": "0.48", "size": "1447"}, {"price": "0.45", "size": "6"}], "event_type": "book", "last_trade_price": "0.550"}, {"market": "0xc4ab69f275873c01d82e1ec3599fc2de754a331ce8016d039e3a17df33b3e811", "asset_id": "86804124379900162952656622319795927072054195128553674616110661083493606918460", "timestamp": "1769383461160", "hash": "d71071967b9cbbb28c58a4c0c19753c53450d8a6", "bids": [{"price": "0.01", "size": "14.45"}, {"price": "0.03", "size": "100"}, {"price": "0.04", "size": "5.61"}, {"price": "0.08", "size": "100"}, {"price": "0.09", "size": "7.01"}, {"price": "0.4", "size": "1313"}], "asks": [{"price": "0.99", "size": "14.84"}, {"price": "0.97", "size": "100"}, {"price": "0.96", "size": "5.05"}, {"price": "0.92", "size": "100"}, {"price": "0.91", "size": "6.36"}, {"price": "0.86", "size": "50"}, {"price": "0.8", "size": "200"}, {"price": "0.45", "size": "1398"}], "event_type": "book", "last_trade_price": "0.560"}, {"market": "0x2603678ab07471eb733117c3994513130b9f18ed03e5a5ab418658082337e834", "asset_id": "10617973766388210800264298606112207150419890243617468988222067491669088740570", "timestamp": "1769384056966", "hash": "69d9bd4f2ae1df64be0a4d0c3bad3790ee0c3965", "bids": [{"price": "0.01", "size": "34.71"}, {"price": "0.73", "size": "360"}], "asks": [{"price": "0.99", "size": "58.45"}, {"price": "0.8", "size": "469"}], "event_type": "book", "last_trade_price": ""}, {"market": "0x533a81505ca2248be288a01947ecfce42d87b23d1a00700fb04fdf24aebdcaa5", "asset_id": "46687812117474109512932340164360891605335389811217020188139415372827733579944", "timestamp": "1769383878450", "hash": "acf5ab839bdbd98caecb74221f016575229ce46a", "bids": [{"price": "0.01", "size": "10.66"}, {"price": "0.03", "size": "100"}, {"price": "0.04", "size": "5.33"}, {"price": "0.08", "size": "100"}, {"price": "0.09", "size": "7.55"}, {"price": "0.14", "size": "50"}, {"price": "0.45", "size": "1167"}], "asks": [{"price": "0.99", "size": "14.68"}, {"price": "0.97", "size": "100"}, {"price": "0.96", "size": "5.14"}, {"price": "0.92", "size": "100"}, {"price": "0.91", "size": "6.33"}, {"price": "0.86", "size": "50"}, {"price": "0.51", "size": "1071"}], "event_type": "book", "last_trade_price": ""}, {"market": "0xcf0915e44e1373ba8674b71f0ce9d073c928828fdfcc2be2ca15becaec57fe40", "asset_id": "74923745968257315934265628385982863730263587676962670180139007524135919914988", "timestamp": "1769383897005", "hash": "aeb2cf1d6ac98702906f4295a9e181b609a940bd", "bids": [{"price": "0.01", "size": "614.74"}, {"price": "0.03", "size": "1100"}, {"price": "0.04", "size": "6.72"}, {"price": "0.08", "size": "100"}, {"price": "0.1", "size": "700"}, {"price": "0.11", "size": "5.3"}, {"price": "0.14", "size": "50"}, {"price": "0.2", "size": "400"}, {"price": "0.27", "size": "200"}, {"price": "0.5", "size": "600"}, {"price": "0.53", "size": "100"}, {"price": "0.54", "size": "175"}, {"price": "0.57", "size": "6000"}, {"price": "0.58", "size": "13615"}, {"price": "0.59", "size": "46095.12"}, {"price": "0.6", "size": "22972.49"}], "asks": [{"price": "0.99", "size": "600"}, {"price": "0.98", "size": "5.7"}, {"price": "0.97", "size": "1100"}, {"price": "0.96", "size": "7.02"}, {"price": "0.92", "size": "600"}, {"price": "0.91", "size": "6.72"}, {"price": "0.75", "size": "5"}, {"price": "0.73", "size": "200"}, {"price": "0.65", "size": "100"}, {"price": "0.64", "size": "100"}, {"price": "0.63", "size": "6010"}, {"price": "0.62", "size": "7382"}, {"price": "0.61", "size": "15478.19"}], "event_type": "book", "last_trade_price": "0.390"}, {"market": "0xa3c628910f0a20e13579bef5224cff95e718a3a897df106d2bc2fe2723b09bfb", "asset_id": "8261830618009994723978294775562584882310429641291213441777939893396892944713", "timestamp": "1769378345771", "hash": "741024119aab2c52d83fbc7a6ce585919ee8d7be", "bids": [{"price": "0.01", "size": "19.71"}, {"price": "0.02", "size": "5.47"}], "asks": [{"price": "0.99", "size": "14.3"}], "event_type": "book", "last_trade_price": ""}, {"market": "0x4d27ab452598546f07e48857a0541410a1dc8ac2ed6bee9cf20f161d4422b75c", "asset_id": "70060978685726449529196552335977014299771519608428050279854635471310424729276", "timestamp": "1769378129712", "hash": "a230e112d2c221306a8e7ec69bc85034289decec", "bids": [{"price": "0.01", "size": "35.12"}, {"price": "0.04", "size": "5.47"}, {"price": "0.05", "size": "5.47"}], "asks": [{"price": "0.99", "size": "14.3"}], "event_type": "book", "last_trade_price": ""}, {"market": "0x234399959a5ed4c22a6369ba254291834c503f128547433507322b478da7b6b0", "asset_id": "65871133715141984354705415850235881957198349538841542921806656657482781544241", "timestamp": "1769383878450", "hash": "d447e9ea0be01b060df1d1d4b22548d0664c1a18", "bids": [{"price": "0.01", "size": "14.84"}, {"price": "0.03", "size": "100"}, {"price": "0.04", "size": "5.05"}, {"price": "0.08", "size": "100"}, {"price": "0.09", "size": "6.36"}, {"price": "0.14", "size": "50"}, {"price": "0.2", "size": "200"}, {"price": "0.54", "size": "1414"}], "asks": [{"price": "0.99", "size": "14.51"}, {"price": "0.97", "size": "100"}, {"price": "0.96", "size": "5.51"}, {"price": "0.92", "size": "100"}, {"price": "0.91", "size": "7.05"}, {"price": "0.59", "size": "1280"}, {"price": "0.56", "size": "5"}], "event_type": "book", "last_trade_price": "0.550"}, {"market": "0xa3c628910f0a20e13579bef5224cff95e718a3a897df106d2bc2fe2723b09bfb", "asset_id": "25630414373966705133730427866064557901476495999642607213573889373769678998049", "timestamp": "1769378345771", "hash": "58f6d886e165b3dc248a195b22281b239e83adb4", "bids": [{"price": "0.01", "size": "14.3"}], "asks": [{"price": "0.99", "size": "19.71"}, {"price": "0.98", "size": "5.47"}], "event_type": "book", "last_trade_price": ""}, {"market": "0xf768e7e853e31bce351b1e72a339114ba7795690d7764f28457a7818a77bb2c8", "asset_id": "51780717766619332237134216812387557287074762163318339417409710508597496839725", "timestamp": "1769384054350", "hash": "8ba7f5dd5b75b36bb9a47a895139aa39eaa0ae40", "bids": [{"price": "0.01", "size": "99.98"}, {"price": "0.26", "size": "334"}], "asks": [{"price": "0.99", "size": "34.87"}, {"price": "0.32", "size": "386"}], "event_type": "book", "last_trade_price": "0.260"}, {"market": "0xf768e7e853e31bce351b1e72a339114ba7795690d7764f28457a7818a77bb2c8", "asset_id": "34483656870152287628482131354405616379245527782103018259423060655713832226233", "timestamp": "1769384054350", "hash": "d6cd4f6b0e1968ee092f59840bccdc40e45412d6", "bids": [{"price": "0.01", "size": "34.87"}, {"price": "0.68", "size": "386"}], "asks": [{"price": "0.99", "size": "99.98"}, {"price": "0.74", "size": "334"}], "event_type": "book", "last_trade_price": "0.260"}, {"market": "0x2603678ab07471eb733117c3994513130b9f18ed03e5a5ab418658082337e834", "asset_id": "76611829333312345830423823662974123578673875822426642099007495545449187336045", "timestamp": "1769384056966", "hash": "1f0919b356bf7de694a01cc8f41e85bba5cbf098", "bids": [{"price": "0.01", "size": "58.45"}, {"price": "0.2", "size": "469"}], "asks": [{"price": "0.99", "size": "34.71"}, {"price": "0.27", "size": "360"}], "event_type": "book", "last_trade_price": ""}, {"market": "0x499af025a90ae810f3460f13e3852d31d3359372170ca71c945dea3f461b2aed", "asset_id": "100710442034897112893595169703770002425742410327658414840912179352720460897477", "timestamp": "1769377804956", "hash": "73144f676fff8dad7d3bd60006be5b999584b8db", "bids": [{"price": "0.01", "size": "14.3"}], "asks": [{"price": "0.99", "size": "19.71"}, {"price": "0.98", "size": "5.47"}], "event_type": "book", "last_trade_price": ""}, {"market": "0x533a81505ca2248be288a01947ecfce42d87b23d1a00700fb04fdf24aebdcaa5", "asset_id": "115187750711915280094433093839714601273694837819836516553878918058217361080166", "timestamp": "1769383878450", "hash": "339811e5992374232a4f4b08842823984f2291f5", "bids": [{"price": "0.01", "size": "14.68"}, {"price": "0.03", "size": "100"}, {"price": "0.04", "size": "5.14"}, {"price": "0.08", "size": "100"}, {"price": "0.09", "size": "6.33"}, {"price": "0.14", "size": "50"}, {"price": "0.49", "size": "1071"}], "asks": [{"price": "0.99", "size": "10.66"}, {"price": "0.97", "size": "100"}, {"price": "0.96", "size": "5.33"}, {"price": "0.92", "size": "100"}, {"price": "0.91", "size": "7.55"}, {"price": "0.86", "size": "50"}, {"price": "0.55", "size": "1167"}], "event_type": "book", "last_trade_price": ""}, {"market": "0x499af025a90ae810f3460f13e3852d31d3359372170ca71c945dea3f461b2aed", "asset_id": "84075950183508260295696436954119050546330324940733096914045706695956853551555", "timestamp": "1769377804956", "hash": "c544c0d0dff408f7bc273f2bd32f35d7173a1f0e", "bids": [{"price": "0.01", "size": "19.71"}, {"price": "0.02", "size": "5.47"}], "asks": [{"price": "0.99", "size": "14.3"}], "event_type": "book", "last_trade_price": ""}, {"market": "0xcf0915e44e1373ba8674b71f0ce9d073c928828fdfcc2be2ca15becaec57fe40", "asset_id": "8619289127082315589114815999409125381327269791350462481647741353946458653829", "timestamp": "1769383897005", "hash": "13d975ae80659c54be9d85c75a4094bab7e2c176", "bids": [{"price": "0.01", "size": "600"}, {"price": "0.02", "size": "5.7"}, {"price": "0.03", "size": "1100"}, {"price": "0.04", "size": "7.02"}, {"price": "0.08", "size": "600"}, {"price": "0.09", "size": "6.72"}, {"price": "0.25", "size": "5"}, {"price": "0.27", "size": "200"}, {"price": "0.35", "size": "100"}, {"price": "0.36", "size": "100"}, {"price": "0.37", "size": "6010"}, {"price": "0.38", "size": "7382"}, {"price": "0.39", "size": "15478.19"}], "asks": [{"price": "0.99", "size": "614.74"}, {"price": "0.97", "size": "1100"}, {"price": "0.96", "size": "6.72"}, {"price": "0.92", "size": "100"}, {"price": "0.9", "size": "700"}, {"price": "0.89", "size": "5.3"}, {"price": "0.86", "size": "50"}, {"price": "0.8", "size": "400"}, {"price": "0.73", "size": "200"}, {"price": "0.5", "size": "600"}, {"price": "0.47", "size": "100"}, {"price": "0.46", "size": "175"}, {"price": "0.43", "size": "6000"}, {"price": "0.42", "size": "13615"}, {"price": "0.41", "size": "46095.12"}, {"price": "0.4", "size": "22972.49"}], "event_type": "book", "last_trade_price": "0.390"}]}
{"_local_timestamp": "2026-01-25T23:34:18.345380+00:00", "data": {"market": "0x2603678ab07471eb733117c3994513130b9f18ed03e5a5ab418658082337e834", "price_changes": [{"asset_id": "76611829333312345830423823662974123578673875822426642099007495545449187336045", "price": "0.01", "size": "16.91", "side": "BUY", "hash": "7071761186e7fafb467d5e528212953593539e48", "best_bid": "0.2", "best_ask": "0.27"}, {"asset_id": "10617973766388210800264298606112207150419890243617468988222067491669088740570", "price": "0.99", "size": "16.91", "side": "SELL", "hash": "2f01ead86eb70420552cd803eaf5ef1d65da3ef6", "best_bid": "0.73", "best_ask": "0.8"}], "timestamp": "1769384058279", "event_type": "price_change"}}
{"_local_timestamp": "2026-01-25T23:34:18.548939+00:00", "data": {"market": "0x2603678ab07471eb733117c3994513130b9f18ed03e5a5ab418658082337e834", "price_changes": [{"asset_id": "76611829333312345830423823662974123578673875822426642099007495545449187336045", "price": "0.01", "size": "58.45", "side": "BUY", "hash": "8b4a180660075c463d6b99bc6ad9b826413b27ec", "best_bid": "0.2", "best_ask": "0.27"}, {"asset_id": "10617973766388210800264298606112207150419890243617468988222067491669088740570", "price": "0.99", "size": "58.45", "side": "SELL", "hash": "f718ef750a2321ff107b9c984223eb0fd6fb2c77", "best_bid": "0.73", "best_ask": "0.8"}], "timestamp": "1769384058485", "event_type": "price_change"}}
{"_local_timestamp": "2026-01-25T23:34:18.549328+00:00", "data": {"market": "0x2603678ab07471eb733117c3994513130b9f18ed03e5a5ab418658082337e834", "price_changes": [{"asset_id": "76611829333312345830423823662974123578673875822426642099007495545449187336045", "price": "0.01", "size": "99.99", "side": "BUY", "hash": "8e08b90932ba6fa76043375824b2892b2ba06a0b", "best_bid": "0.2", "best_ask": "0.27"}, {"asset_id": "10617973766388210800264298606112207150419890243617468988222067491669088740570", "price": "0.99", "size": "99.99", "side": "SELL", "hash": "18fa6bd43461192c29cb98cb1b9b6a1321f24081", "best_bid": "0.73", "best_ask": "0.8"}], "timestamp": "1769384058485", "event_type": "price_change"}}
{"_local_timestamp": "2026-01-25T23:34:20.216936+00:00", "data": {"market": "0xf768e7e853e31bce351b1e72a339114ba7795690d7764f28457a7818a77bb2c8", "price_changes": [{"asset_id": "51780717766619332237134216812387557287074762163318339417409710508597496839725", "price": "0.01", "size": "56.38", "side": "BUY", "hash": "a8789a4da99d02d39aa19de9b0434f2d56bfc0f1", "best_bid": "0.26", "best_ask": "0.32"}, {"asset_id": "34483656870152287628482131354405616379245527782103018259423060655713832226233", "price": "0.99", "size": "56.38", "side": "SELL", "hash": "5b01044b4de007dc1544a8c2125d30fd850b368b", "best_bid": "0.68", "best_ask": "0.74"}], "timestamp": "1769384060149", "event_type": "price_change"}}
{"_local_timestamp": "2026-01-25T23:34:22.708918+00:00", "data": {"market": "0x2603678ab07471eb733117c3994513130b9f18ed03e5a5ab418658082337e834", "price_changes": [{"asset_id": "76611829333312345830423823662974123578673875822426642099007495545449187336045", "price": "0.01", "size": "58.45", "side": "BUY", "hash": "d637fcbb2bc9956498d3807d356a2e466704ab38", "best_bid": "0.2", "best_ask": "0.27"}, {"asset_id": "10617973766388210800264298606112207150419890243617468988222067491669088740570", "price": "0.99", "size": "58.45", "side": "SELL", "hash": "4a83008a5e6d687393fccf0bf49f237d85d6200b", "best_bid": "0.73", "best_ask": "0.8"}], "timestamp": "1769384062642", "event_type": "price_change"}}
{"_local_timestamp": "2026-01-25T23:34:23.543264+00:00", "data": {"market": "0xf768e7e853e31bce351b1e72a339114ba7795690d7764f28457a7818a77bb2c8", "price_changes": [{"asset_id": "51780717766619332237134216812387557287074762163318339417409710508597496839725", "price": "0.01", "size": "12.78", "side": "BUY", "hash": "2cd4775f6f5c088082c56229f207f903b975c7e0", "best_bid": "0.26", "best_ask": "0.32"}, {"asset_id": "34483656870152287628482131354405616379245527782103018259423060655713832226233", "price": "0.99", "size": "12.78", "side": "SELL", "hash": "5dfe8c5d29e340e8ec7ef6f579ebafc8d2eec034", "best_bid": "0.68", "best_ask": "0.74"}], "timestamp": "1769384063472", "event_type": "price_change"}}
{"_local_timestamp": "2026-01-25T23:34:23.769172+00:00", "data": {"market": "0xf768e7e853e31bce351b1e72a339114ba7795690d7764f28457a7818a77bb2c8", "price_changes": [{"asset_id": "51780717766619332237134216812387557287074762163318339417409710508597496839725", "price": "0.01", "size": "56.38", "side": "BUY", "hash": "f81aba73b8abcf47c0dcad662fe1662b2f586de5", "best_bid": "0.26", "best_ask": "0.32"}, {"asset_id": "34483656870152287628482131354405616379245527782103018259423060655713832226233", "price": "0.99", "size": "56.38", "side": "SELL", "hash": "042d88f82441dbf0756d7a11210b859199536369", "best_bid": "0.68", "best_ask": "0.74"}], "timestamp": "1769384063704", "event_type": "price_change"}}
{"_local_timestamp": "2026-01-25T23:34:23.770489+00:00", "data": {"market": "0xf768e7e853e31bce351b1e72a339114ba7795690d7764f28457a7818a77bb2c8", "price_changes": [{"asset_id": "51780717766619332237134216812387557287074762163318339417409710508597496839725", "price": "0.01", "size": "99.98", "side": "BUY", "hash": "5d6e02690a782d78702bd7ef2a06262ee65dcc9b", "best_bid": "0.26", "best_ask": "0.32"}, {"asset_id": "34483656870152287628482131354405616379245527782103018259423060655713832226233", "price": "0.99", "size": "99.98", "side": "SELL", "hash": "84dae6e7ff86d9abb58169de9a2163aaef7c3cf4", "best_bid": "0.68", "best_ask": "0.74"}], "timestamp": "1769384063705", "event_type": "price_change"}}
{"_local_timestamp": "2026-01-25T23:34:24.594147+00:00", "data": {"market": "0x2603678ab07471eb733117c3994513130b9f18ed03e5a5ab418658082337e834", "price_changes": [{"asset_id": "10617973766388210800264298606112207150419890243617468988222067491669088740570", "price": "0.78", "size": "9.16", "side": "BUY", "hash": "996f38772394c914663e381acd57d59d86b3b95c", "best_bid": "0.78", "best_ask": "0.8"}, {"asset_id": "76611829333312345830423823662974123578673875822426642099007495545449187336045", "price": "0.22", "size": "9.16", "side": "SELL", "hash": "2e7d4bff0a7ad400bf912c9a6fddcf3ea98712eb", "best_bid": "0.2", "best_ask": "0.22"}], "timestamp": "1769384064520", "event_type": "price_change"}}
{"_local_timestamp": "2026-01-25T23:34:26.125437+00:00", "data": {"market": "0x2603678ab07471eb733117c3994513130b9f18ed03e5a5ab418658082337e834", "price_changes": [{"asset_id": "76611829333312345830423823662974123578673875822426642099007495545449187336045", "price": "0.01", "size": "16.91", "side": "BUY", "hash": "131fe3abf60190bc88361ace914c028f9e8596d3", "best_bid": "0.2", "best_ask": "0.22"}, {"asset_id": "10617973766388210800264298606112207150419890243617468988222067491669088740570", "price": "0.99", "size": "16.91", "side": "SELL", "hash": "a0bdcefed00fd8d2483d8cc2b053e324c266f9b1", "best_bid": "0.78", "best_ask": "0.8"}], "timestamp": "1769384066029", "event_type": "price_change"}}
{"_local_timestamp": "2026-01-25T23:34:33.463158+00:00", "data": {"market": "0xf768e7e853e31bce351b1e72a339114ba7795690d7764f28457a7818a77bb2c8", "price_changes": [{"asset_id": "51780717766619332237134216812387557287074762163318339417409710508597496839725", "price": "0.01", "size": "56.38", "side": "BUY", "hash": "89cee995e82572c4d8d42dc51aa9fc641a5d3998", "best_bid": "0.26", "best_ask": "0.32"}, {"asset_id": "34483656870152287628482131354405616379245527782103018259423060655713832226233", "price": "0.99", "size": "56.38", "side": "SELL", "hash": "609a78b6f8825c03f7c6a7bb8c3b776a271cb737", "best_bid": "0.68", "best_ask": "0.74"}], "timestamp": "1769384073391", "event_type": "price_change"}}
