{"_local_timestamp": "2026-01-25T23:41:31.792974+00:00", "data": [{"market": "0x5b24a6e64d318e0025af38ba9f742e03ef84aa7f04c14b29041b0034e037c62f", "asset_id": "14118816718325246082131923884539690612479820622920951635884407868939598130209", "timestamp": "1769384409405", "hash": "cc7e69af8303372f6573a83f1ff904a102666b59", "bids": [{"price": "0.01", "size": "50"}, {"price": "0.02", "size": "5.47"}], "asks": [{"price": "0.99", "size": "50"}], "event_type": "book", "last_trade_price": ""}, {"market": "0xb38217dd1a2bffc367d99e41bad2a80bd959cce30290fef2c3f8bb222a6ede18", "asset_id": "11966412842212088081533971906381877842617082978573391864857177923122106304900", "timestamp": "1769384409405", "hash": "fce78ffb1809cb78552f04899d05d54c0f8c253b", "bids": [{"price": "0.01", "size": "50"}], "asks": [{"price": "0.99", "size": "50"}, {"price": "0.98", "size": "5.47"}], "event_type": "book", "last_trade_price": ""}, {"market": "0xe0b61e181b24f8ff4fb703232d23c8770ffb1d1ef4954cb85c293a8236f764b2", "asset_id": "79638008085522036070443645940942971975774534100237189452005860804358147083998", "timestamp": "1769384483088", "hash": "ceefd448a980286e97a2a12b41a5685bb87e81e3", "bids": [], "asks": [{"price": "0.99", "size": "50"}, {"price": "0.98", "size": "5.47"}], "event_type": "book", "last_trade_price": "0.010"}, {"market": "0xb8e28944440da77220efbae57c2d31ee16bd5f89f0bcbb5c63154dec1db39f08", "asset_id": "9150510436040647840781834346538057571945132098566021248375366157644570771826", "timestamp": "1769384409405", "hash": "8e07a080c955d03392b01738e572a40ad85bcda8", "bids": [{"price": "0.01", "size": "50"}, {"price": "0.02", "size": "5.47"}], "asks": [{"price": "0.99", "size": "100"}], "event_type": "book", "last_trade_price": ""}, {"market": "0xbc367e782b8d1a8920b8fa54afa98f24fd974c3c3909ca20671d5f6a4b0768e6", "asset_id": "57880758397067777122591295645791202563364509098823083586484712710554813348533", "timestamp": "1769384409406", "hash": "bb8875219eac3a6ddd266f6a84c8625a9ce10c3b", "bids": [{"price": "0.01", "size": "50"}], "asks": [{"price": "0.99", "size": "50"}, {"price": "0.98", "size": "5.47"}], "event_type": "book", "last_trade_price": ""}, {"market": "0x315e806505bd271f67861037b3483195a57f1301ad771f1baef428da095911bf", "asset_id": "79419317272073051387068264803654905500912309541669598341678223490134940570818", "timestamp": "1769384474385", "hash": "e6e226506572d2ec51153b66c40df9e0fb73db7e", "bids": [{"price": "0.01", "size": "50"}, {"price": "0.02", "size": "5.47"}], "asks": [], "event_type": "book", "last_trade_price": "0.010"}, {"market": "0x53ea15cc2ff7d2d430f388b38d5049ca93db40e643449a12a3e71a57a738bedb", "asset_id": "14199768827058585748367507333923969125415030048012222784525418036308492442389", "timestamp": "1769384409405", "hash": "363c454b6733506c7076b22a85b812629c7a491f", "bids": [{"price": "0.01", "size": "50"}, {"price": "0.1", "size": "110"}], "asks": [{"price": "0.99", "size": "50"}, {"price": "0.98", "size": "5.47"}, {"price": "0.9", "size": "110"}], "event_type": "book", "last_trade_price": ""}, {"market": "0xe0b61e181b24f8ff4fb703232d23c8770ffb1d1ef4954cb85c293a8236f764b2", "asset_id": "79135467092911104577557486455609334424573410586038603254168162893011680169496", "timestamp": "1769384483088", "hash": "081543991b7f6febd5ed47c9a659e093c091e867", "bids": [{"price": "0.01", "size": "50"}, {"price": "0.02", "size": "5.47"}], "asks": [], "event_type": "book", "last_trade_price": "0.010"}, {"market": "0x5b24a6e64d318e0025af38ba9f742e03ef84aa7f04c14b29041b0034e037c62f", "asset_id": "24517414926792111213698208962596656420939639324837218975508780329218591880367", "timestamp": "1769384409405", "hash": "8d716ee9d68dc3564ba5fde90efe1f98a4458889", "bids": [{"price": "0.01", "size": "50"}], "asks": [{"price": "0.99", "size": "50"}, {"price": "0.98", "size": "5.47"}], "event_type": "book", "last_trade_price": ""}, {"market": "0xee06f5d56e5a1ac4e2c79dcc56bae5ecf39d99857c8c057dbba18958fbea8de9", "asset_id": "27485274287956076040738401209210524757287975746594458875162959618840413664910", "timestamp": "1769384489759", "hash": "f3d63ed85a8555f5b36a9e40e6280445375d75ca", "bids": [], "asks": [{"price": "0.99", "size": "50"}, {"price": "0.98", "size": "5.47"}], "event_type": "book", "last_trade_price": "0.010"}, {"market": "0xb8e28944440da77220efbae57c2d31ee16bd5f89f0bcbb5c63154dec1db39f08", "asset_id": "69733379245685093433884862308798618923812349935119491174605905470844550853774", "timestamp": "1769384409405", "hash": "1263c6874c3431d13471a3fad4b9b140929bf46b", "bids": [{"price": "0.01", "size": "100"}], "asks": [{"price": "0.99", "size": "50"}, {"price": "0.98", "size": "5.47"}], "event_type": "book", "last_trade_price": ""}, {"market": "0xbc367e782b8d1a8920b8fa54afa98f24fd974c3c3909ca20671d5f6a4b0768e6", "asset_id": "8027497912254865641010568300134062199049173198319228221294939017052455451617", "timestamp": "1769384409406", "hash": "4eea96676e9afe72750da441a14033ad13d5a7e1", "bids": [{"price": "0.01", "size": "50"}, {"price": "0.02", "size": "5.47"}], "asks": [{"price": "0.99", "size": "50"}], "event_type": "book", "last_trade_price": ""}, {"market": "0xb38217dd1a2bffc367d99e41bad2a80bd959cce30290fef2c3f8bb222a6ede18", "asset_id": "9960236999011250190694423933500937890070226156748264246535929664774004246648", "timestamp": "1769384409405", "hash": "55f5dbb23add6d1ece5b4442a3e0e01c38459d63", "bids": [{"price": "0.01", "size": "50"}, {"price": "0.02", "size": "5.47"}], "asks": [{"price": "0.99", "size": "50"}], "event_type": "book", "last_trade_price": ""}, {"market": "0xee06f5d56e5a1ac4e2c79dcc56bae5ecf39d99857c8c057dbba18958fbea8de9", "asset_id": "58782925194942692554136203382006542401257736255041884160573352612325329382474", "timestamp": "1769384489759", "hash": "f4d990b2748bba780406b2bba190a30550cf6f0c", "bids": [{"price": "0.01", "size": "50"}, {"price": "0.02", "size": "5.47"}], "asks": [], "event_type": "book", "last_trade_price": "0.010"}, {"market": "0x315e806505bd271f67861037b3483195a57f1301ad771f1baef428da095911bf", "asset_id": "76188562594466988596348611435764767753097717724300665962538565110440718854720", "timestamp": "1769384474385", "hash": "e971c920a28062f8785d2e44b98b2af32d352be3", "bids": [], "asks": [{"price": "0.99", "size": "50"}, {"price": "0.98", "size": "5.47"}], "event_type": "book", "last_trade_price": "0.010"}, {"market": "0xb07b74d3a792cbf412068f8a04ad126dd49e0ea3f2c6f064c066dd1fe819858b", "asset_id": "100803381546493506457596554063533948131852961077476831196273265665198516558780", "timestamp": "1769384409407", "hash": "21103db2761229ca8fc0dad25b79efda00c0c33c", "bids": [{"price": "0.01", "size": "50"}, {"price": "0.02", "size": "5.47"}], "asks": [{"price": "0.99", "size": "50"}], "event_type": "book", "last_trade_price": ""}, {"market": "0xb07b74d3a792cbf412068f8a04ad126dd49e0ea3f2c6f064c066dd1fe819858b", "asset_id": "103193433576359688878320138123647516579373091738569232381760939400435607211356", "timestamp": "1769384409407", "hash": "977e871629406478b30caeff4f6ea2ef7727765c", "bids": [{"price": "0.01", "size": "50"}], "asks": [{"price": "0.99", "size": "50"}, {"price": "0.98", "size": "5.47"}], "event_type": "book", "last_trade_price": ""}, {"market": "0x53ea15cc2ff7d2d430f388b38d5049ca93db40e643449a12a3e71a57a738bedb", "asset_id": "8422783070051277259844915402011412798192764041067167966059555965320790126792", "timestamp": "1769384409404", "hash": "fbe4cbbd4afb151bc4bdd97cbda9817edd5dc111", "bids": [{"price": "0.01", "size": "50"}, {"price": "0.02", "size": "5.47"}, {"price": "0.1", "size": "110"}], "asks": [{"price": "0.99", "size": "50"}, {"price": "0.98", "size": "25"}, {"price": "0.9", "size": "110"}], "event_type": "book", "last_trade_price": ""}]}
