{"_local_timestamp": "2026-01-25T23:41:25.661660+00:00", "data": [{"market": "0x5174a9d6b3e8155b9a44aa8de0905a67346a4058add117c2a559f2ab4499c951", "asset_id": "77786790982901456516273852304001584894306488490015587137460763704367261345662", "timestamp": "1769384457004", "hash": "93fa031bc68bb279e59f120e49ddca4eafe15754", "bids": [{"price": "0.01", "size": "50"}, {"price": "0.03", "size": "100"}, {"price": "0.08", "size": "100"}, {"price": "0.36", "size": "2122"}, {"price": "0.39", "size": "1693.25"}, {"price": "0.42", "size": "1283.75"}, {"price": "0.45", "size": "888.12"}, {"price": "0.48", "size": "502.5"}, {"price": "0.49", "size": "501"}, {"price": "0.5", "size": "500"}, {"price": "0.78", "size": "337"}], "asks": [{"price": "0.99", "size": "50"}, {"price": "0.98", "size": "12016"}, {"price": "0.95", "size": "4631.25"}, {"price": "0.92", "size": "2577.5"}, {"price": "0.89", "size": "1491"}, {"price": "0.86", "size": "750.5"}, {"price": "0.85", "size": "726"}, {"price": "0.84", "size": "1173"}, {"price": "0.82", "size": "976"}], "event_type": "book", "last_trade_price": "0.180"}, {"market": "0x8bdbcf5715eb48ed8803768ab21e4db3246c64267634c82b5e3812d561d707d7", "asset_id": "16663163941085251593578010689050492944865172707890663934443421773484005207786", "timestamp": "1769384408852", "hash": "8280b71d68960ec5c4448885ef052252b414d2e3", "bids": [{"price": "0.01", "size": "50"}, {"price": "0.03", "size": "100"}, {"price": "0.21", "size": "2510"}, {"price": "0.24", "size": "1941.88"}, {"price": "0.27", "size": "1436.25"}, {"price": "0.3", "size": "973.88"}, {"price": "0.33", "size": "542"}, {"price": "0.34", "size": "537.99"}, {"price": "0.35", "size": "2034"}, {"price": "0.36", "size": "14"}], "asks": [{"price": "0.99", "size": "50"}, {"price": "0.97", "size": "100"}, {"price": "0.92", "size": "100"}, {"price": "0.86", "size": "50"}, {"price": "0.8", "size": "200"}, {"price": "0.73", "size": "200"}, {"price": "0.64", "size": "2122"}, {"price": "0.61", "size": "1693.25"}, {"price": "0.58", "size": "1283.75"}, {"price": "0.55", "size": "888.12"}, {"price": "0.52", "size": "502.5"}, {"price": "0.51", "size": "501"}, {"price": "0.5", "size": "1250"}, {"price": "0.4", "size": "1313"}], "event_type": "book", "last_trade_price": "0.340"}, {"market": "0x4e76fef47a05e800e62f539884364ef80472890c730c9cf79c51a70794449362", "asset_id": "108641295183183106624696695057021606432386074396188626559802772404474930015052", "timestamp": "1769384457003", "hash": "5ba64ddc030147addf071c6e8e13bc55302ff037", "bids": [{"price": "0.01", "size": "50"}, {"price": "0.07", "size": "4498"}, {"price": "0.1", "size": "2925"}, {"price": "0.13", "size": "1947.5"}, {"price": "0.16", "size": "1232"}, {"price": "0.19", "size": "653.5"}, {"price": "0.2", "size": "1578"}, {"price": "0.21", "size": "1622.5"}], "asks": [{"price": "0.99", "size": "50"}, {"price": "0.97", "size": "100"}, {"price": "0.92", "size": "100"}, {"price": "0.64", "size": "2122"}, {"price": "0.61", "size": "1693.25"}, {"price": "0.58", "size": "1283.75"}, {"price": "0.55", "size": "888.12"}, {"price": "0.52", "size": "502.5"}, {"price": "0.51", "size": "501"}, {"price": "0.5", "size": "500"}, {"price": "0.25", "size": "700"}, {"price": "0.24", "size": "849.07"}], "event_type": "book", "last_trade_price": "0.210"}, {"market": "0xb06fca095458ade6510362ac05c2aaad16b7a4f3fe009ef22f48120a4fd1bf02", "asset_id": "12789542355210529693297837213145239195650906431452907220523483843962014046283", "timestamp": "1769384457001", "hash": "2e99ab0688876f3fbfe834db13f091577fb1a9dc", "bids": [{"price": "0.01", "size": "50"}, {"price": "0.06", "size": "1005.47"}], "asks": [{"price": "0.99", "size": "50"}], "event_type": "book", "last_trade_price": ""}, {"market": "0x670a229a1f5d9a431ff3fdbe240440e747616b560699764b8382a7f989598427", "asset_id": "74551214145879213059808319188966244493771635038438122044687127959239591368336", "timestamp": "1769384457001", "hash": "283d52b58556e176fbb5b664b20a3815da7c7d6a", "bids": [{"price": "0.01", "size": "50"}], "asks": [{"price": "0.99", "size": "50"}, {"price": "0.94", "size": "1005.47"}], "event_type": "book", "last_trade_price": ""}, {"market": "0x670a229a1f5d9a431ff3fdbe240440e747616b560699764b8382a7f989598427", "asset_id": "48796910422067733505176682319059243901247285972955113494477052522649171709991", "timestamp": "1769384457001", "hash": "cbfd4cfdc6dd938007af353649dc93f7fa13ea9c", "bids": [{"price": "0.01", "size": "50"}, {"price": "0.06", "size": "1005.47"}], "asks": [{"price": "0.99", "size": "50"}], "event_type": "book", "last_trade_price": ""}, {"market": "0x61c6e20a33b8478d5cdea414d8e2d550254ccc44113f1c74d2733e1a7c762e6f", "asset_id": "5579012779469916049991541542809107694711306944283724557634440741790067116620", "timestamp": "1769384457005", "hash": "18cbefb90257dae1d5ecbdb4dfe4edee6150d935", "bids": [{"price": "0.01", "size": "50"}, {"price": "0.12", "size": "3250"}, {"price": "0.15", "size": "2359.5"}, {"price": "0.18", "size": "1671.25"}, {"price": "0.21", "size": "1098.11"}, {"price": "0.24", "size": "597.5"}, {"price": "0.25", "size": "589"}, {"price": "0.26", "size": "3174.5"}], "asks": [{"price": "0.99", "size": "55"}, {"price": "0.97", "size": "100"}, {"price": "0.92", "size": "100"}, {"price": "0.86", "size": "50"}, {"price": "0.8", "size": "200"}, {"price": "0.73", "size": "200"}, {"price": "0.64", "size": "2222"}, {"price": "0.61", "size": "1693.25"}, {"price": "0.58", "size": "1283.75"}, {"price": "0.55", "size": "888.12"}, {"price": "0.52", "size": "502.5"}, {"price": "0.51", "size": "501"}, {"price": "0.5", "size": "500"}, {"price": "0.37", "size": "5"}, {"price": "0.31", "size": "1522"}], "event_type": "book", "last_trade_price": ""}, {"market": "0x1f8f68f45a823c8c578643c083467a8eb04659cf486b88141f4aeb5a9c4213bb", "asset_id": "74587461542538855185453965882173987472329409033618214267774607639925837000133", "timestamp": "1769384457000", "hash": "039aa85304fffc3e79717f4fd5ba31a728c808cb", "bids": [{"price": "0.01", "size": "50"}, {"price": "0.06", "size": "1005.47"}], "asks": [{"price": "0.99", "size": "50"}], "event_type": "book", "last_trade_price": ""}, {"market": "0x5174a9d6b3e8155b9a44aa8de0905a67346a4058add117c2a559f2ab4499c951", "asset_id": "106893844657098843604630668188962341936719259192679915328812846117812328738020", "timestamp": "1769384457004", "hash": "74c01664f09c1bf66231e721f0f20bd274f1a065", "bids": [{"price": "0.01", "size": "50"}, {"price": "0.02", "size": "12016"}, {"price": "0.05", "size": "4631.25"}, {"price": "0.08", "size": "2577.5"}, {"price": "0.11", "size": "1491"}, {"price": "0.14", "size": "750.5"}, {"price": "0.15", "size": "726"}, {"price": "0.16", "size": "1173"}, {"price": "0.18", "size": "976"}], "asks": [{"price": "0.99", "size": "50"}, {"price": "0.97", "size": "100"}, {"price": "0.92", "size": "100"}, {"price": "0.64", "size": "2122"}, {"price": "0.61", "size": "1693.25"}, {"price": "0.58", "size": "1283.75"}, {"price": "0.55", "size": "888.12"}, {"price": "0.52", "size": "502.5"}, {"price": "0.51", "size": "501"}, {"price": "0.5", "size": "500"}, {"price": "0.22", "size": "337"}], "event_type": "book", "last_trade_price": "0.180"}, {"market": "0x8bdbcf5715eb48ed8803768ab21e4db3246c64267634c82b5e3812d561d707d7", "asset_id": "7476702856664033768722925444799533991526964945379554216671351808237380028237", "timestamp": "1769384408852", "hash": "8258484dd12e497365a59a010d02841096c086d9", "bids": [{"price": "0.01", "size": "50"}, {"price": "0.03", "size": "100"}, {"price": "0.08", "size": "100"}, {"price": "0.14", "size": "50"}, {"price": "0.2", "size": "200"}, {"price": "0.27", "size": "200"}, {"price": "0.36", "size": "2122"}, {"price": "0.39", "size": "1693.25"}, {"price": "0.42", "size": "1283.75"}, {"price": "0.45", "size": "888.12"}, {"price": "0.48", "size": "502.5"}, {"price": "0.49", "size": "501"}, {"price": "0.5", "size": "1250"}, {"price": "0.6", "size": "1313"}], "asks": [{"price": "0.99", "size": "50"}, {"price": "0.97", "size": "100"}, {"price": "0.79", "size": "2510"}, {"price": "0.76", "size": "1941.88"}, {"price": "0.73", "size": "1436.25"}, {"price": "0.7", "size": "973.88"}, {"price": "0.67", "size": "542"}, {"price": "0.66", "size": "537.99"}, {"price": "0.65", "size": "2034"}, {"price": "0.64", "size": "14"}], "event_type": "book", "last_trade_price": "0.340"}, {"market": "0xb06fca095458ade6510362ac05c2aaad16b7a4f3fe009ef22f48120a4fd1bf02", "asset_id": "91803490325517271916927223702729753170013991358263263938248433653258785889691", "timestamp": "1769384457001", "hash": "7ef8a09a24b1dcd26759dd8eb0aab47660ba6519", "bids": [{"price": "0.01", "size": "50"}], "asks": [{"price": "0.99", "size": "50"}, {"price": "0.94", "size": "1005.47"}], "event_type": "book", "last_trade_price": ""}, {"market": "0xee40e915a8cd1c157dc2499f4d3c4c3e5edb8d2d4a683290b7387556c5e83e5d", "asset_id": "76052669799940382635509307729448723736691775956718571363073240043781603434761", "timestamp": "1769384457001", "hash": "e908d6e83f2b65bcd226977a2efd4fa75d03240a", "bids": [{"price": "0.01", "size": "50"}, {"price": "0.03", "size": "100"}, {"price": "0.08", "size": "100"}, {"price": "0.36", "size": "2122"}, {"price": "0.39", "size": "1693.25"}, {"price": "0.42", "size": "1283.75"}, {"price": "0.45", "size": "888.12"}, {"price": "0.48", "size": "502.5"}, {"price": "0.49", "size": "501"}, {"price": "0.5", "size": "500"}, {"price": "0.6", "size": "328"}], "asks": [{"price": "0.99", "size": "50"}, {"price": "0.97", "size": "100"}, {"price": "0.8", "size": "2560"}, {"price": "0.77", "size": "1971.12"}, {"price": "0.74", "size": "1453.75"}, {"price": "0.71", "size": "983.5"}, {"price": "0.68", "size": "546.5"}, {"price": "0.67", "size": "542"}, {"price": "0.66", "size": "1924"}], "event_type": "book", "last_trade_price": ""}, {"market": "0xda961761ff90d8bb005041bddf14ad1e9ed146a1979b327480c6238730248097", "asset_id": "33005734114769663018867759797863514946650750429412319013990814376098668087689", "timestamp": "1769384457001", "hash": "192b46af6ace9463f3c12ae813a5cf560f8da222", "bids": [{"price": "0.01", "size": "50"}, {"price": "0.06", "size": "1005.47"}], "asks": [{"price": "0.99", "size": "50"}], "event_type": "book", "last_trade_price": ""}, {"market": "0xe5bd1a38111a43d039ca8fc48c7f4f2e0690c87584de68a7fbea294131ede56f", "asset_id": "41482691478073814716017208822044199448252380821715828076491565117203952087095", "timestamp": "1769384484728", "hash": "91c9394fe95c17a46046cc16eec133fc9ab12332", "bids": [{"price": "0.01", "size": "50"}, {"price": "0.03", "size": "13822.25"}, {"price": "0.06", "size": "6247.5"}, {"price": "0.09", "size": "3353"}, {"price": "0.1", "size": "10"}, {"price": "0.11", "size": "10"}, {"price": "0.12", "size": "7725"}, {"price": "0.13", "size": "7704"}, {"price": "0.14", "size": "10554.47"}, {"price": "0.15", "size": "20095"}], "asks": [{"price": "0.99", "size": "450"}, {"price": "0.97", "size": "1100"}, {"price": "0.92", "size": "600"}, {"price": "0.9", "size": "10"}, {"price": "0.86", "size": "50"}, {"price": "0.8", "size": "400"}, {"price": "0.73", "size": "200"}, {"price": "0.64", "size": "4344"}, {"price": "0.61", "size": "3386.5"}, {"price": "0.58", "size": "2567.5"}, {"price": "0.55", "size": "1776.25"}, {"price": "0.52", "size": "1005"}, {"price": "0.51", "size": "1002"}, {"price": "0.5", "size": "2029.8"}, {"price": "0.4", "size": "99.99"}, {"price": "0.3", "size": "10"}, {"price": "0.25", "size": "10"}, {"price": "0.23", "size": "5"}, {"price": "0.22", "size": "100"}, {"price": "0.2", "size": "6057.48"}, {"price": "0.19", "size": "6568"}, {"price": "0.18", "size": "8606.72"}, {"price": "0.17", "size": "1569.28"}], "event_type": "book", "last_trade_price": "0.830"}, {"market": "0x4e76fef47a05e800e62f539884364ef80472890c730c9cf79c51a70794449362", "asset_id": "110200377064839684729356467435761730881323478416872717876217678290476364667899", "timestamp": "1769384457003", "hash": "ff3caf4adcff2447d21f328c0cf85def65333cf6", "bids": [{"price": "0.01", "size": "50"}, {"price": "0.03", "size": "100"}, {"price": "0.08", "size": "100"}, {"price": "0.36", "size": "2122"}, {"price": "0.39", "size": "1693.25"}, {"price": "0.42", "size": "1283.75"}, {"price": "0.45", "size": "888.12"}, {"price": "0.48", "size": "502.5"}, {"price": "0.49", "size": "501"}, {"price": "0.5", "size": "500"}, {"price": "0.75", "size": "700"}, {"price": "0.76", "size": "849.07"}], "asks": [{"price": "0.99", "size": "50"}, {"price": "0.93", "size": "4498"}, {"price": "0.9", "size": "2925"}, {"price": "0.87", "size": "1947.5"}, {"price": "0.84", "size": "1232"}, {"price": "0.81", "size": "653.5"}, {"price": "0.8", "size": "1578"}, {"price": "0.79", "size": "1622.5"}], "event_type": "book", "last_trade_price": "0.210"}, {"market": "0xe5bd1a38111a43d039ca8fc48c7f4f2e0690c87584de68a7fbea294131ede56f", "asset_id": "105492161346754909701985754075408491156648284741611725984306375947661129287082", "timestamp": "1769384484728", "hash": "4aef0a2af2c97bc827af04fde1667973c4d78ba2", "bids": [{"price": "0.01", "size": "450"}, {"price": "0.03", "size": "1100"}, {"price": "0.08", "size": "600"}, {"price": "0.1", "size": "10"}, {"price": "0.14", "size": "50"}, {"price": "0.2", "size": "400"}, {"price": "0.27", "size": "200"}, {"price": "0.36", "size": "4344"}, {"price": "0.39", "size": "3386.5"}, {"price": "0.42", "size": "2567.5"}, {"price": "0.45", "size": "1776.25"}, {"price": "0.48", "size": "1005"}, {"price": "0.49", "size": "1002"}, {"price": "0.5", "size": "2029.8"}, {"price": "0.6", "size": "99.99"}, {"price": "0.7", "size": "10"}, {"price": "0.75", "size": "10"}, {"price": "0.77", "size": "5"}, {"price": "0.78", "size": "100"}, {"price": "0.8", "size": "6057.48"}, {"price": "0.81", "size": "6568"}, {"price": "0.82", "size": "8606.72"}, {"price": "0.83", "size": "1569.28"}], "asks": [{"price": "0.99", "size": "50"}, {"price": "0.97", "size": "13822.25"}, {"price": "0.94", "size": "6247.5"}, {"price": "0.91", "size": "3353"}, {"price": "0.9", "size": "10"}, {"price": "0.89", "size": "10"}, {"price": "0.88", "size": "7725"}, {"price": "0.87", "size": "7704"}, {"price": "0.86", "size": "10554.47"}, {"price": "0.85", "size": "20095"}], "event_type": "book", "last_trade_price": "0.830"}, {"market": "0xda961761ff90d8bb005041bddf14ad1e9ed146a1979b327480c6238730248097", "asset_id": "39332613983667307951195638051425121405353399502809105428132137941633509705894", "timestamp": "1769384457001", "hash": "200318300f5b34d413545083c942c11b785f7da5", "bids": [{"price": "0.01", "size": "50"}], "asks": [{"price": "0.99", "size": "50"}, {"price": "0.94", "size": "1005.47"}], "event_type": "book", "last_trade_price": ""}, {"market": "0x61c6e20a33b8478d5cdea414d8e2d550254ccc44113f1c74d2733e1a7c762e6f", "asset_id": "62357242192369320895668078769142417894284436589195299909876477453973968749850", "timestamp": "1769384457005", "hash": "7ff77c8a3b4b0c055384c04d37009b4b40800400", "bids": [{"price": "0.01", "size": "55"}, {"price": "0.03", "size": "100"}, {"price": "0.08", "size": "100"}, {"price": "0.14", "size": "50"}, {"price": "0.2", "size": "200"}, {"price": "0.27", "size": "200"}, {"price": "0.36", "size": "2222"}, {"price": "0.39", "size": "1693.25"}, {"price": "0.42", "size": "1283.75"}, {"price": "0.45", "size": "888.12"}, {"price": "0.48", "size": "502.5"}, {"price": "0.49", "size": "501"}, {"price": "0.5", "size": "500"}, {"price": "0.63", "size": "5"}, {"price": "0.69", "size": "1522"}], "asks": [{"price": "0.99", "size": "50"}, {"price": "0.88", "size": "3250"}, {"price": "0.85", "size": "2359.5"}, {"price": "0.82", "size": "1671.25"}, {"price": "0.79", "size": "1098.11"}, {"price": "0.76", "size": "597.5"}, {"price": "0.75", "size": "589"}, {"price": "0.74", "size": "3174.5"}], "event_type": "book", "last_trade_price": ""}, {"market": "0x1f8f68f45a823c8c578643c083467a8eb04659cf486b88141f4aeb5a9c4213bb", "asset_id": "75906112022567856349657406405539296708817453246118863029221885871845528276220", "timestamp": "1769384457000", "hash": "76fae87df0f92381b45403dbc7ee8208303e2f1b", "bids": [{"price": "0.01", "size": "50"}], "asks": [{"price": "0.99", "size": "50"}, {"price": "0.94", "size": "1005.47"}], "event_type": "book", "last_trade_price": ""}, {"market": "0xee40e915a8cd1c157dc2499f4d3c4c3e5edb8d2d4a683290b7387556c5e83e5d", "asset_id": "37564082470823991367284243956886235436446831125675627227553986075748212326896", "timestamp": "1769384457001", "hash": "9ba0303631e37ff19e9edcf77ea411d398290530", "bids": [{"price": "0.01", "size": "50"}, {"price": "0.03", "size": "100"}, {"price": "0.2", "size": "2560"}, {"price": "0.23", "size": "1971.12"}, {"price": "0.26", "size": "1453.75"}, {"price": "0.29", "size": "983.5"}, {"price": "0.32", "size": "546.5"}, {"price": "0.33", "size": "542"}, {"price": "0.34", "size": "1924"}], "asks": [{"price": "0.99", "size": "50"}, {"price": "0.97", "size": "100"}, {"price": "0.92", "size": "100"}, {"price": "0.64", "size": "2122"}, {"price": "0.61", "size": "1693.25"}, {"price": "0.58", "size": "1283.75"}, {"price": "0.55", "size": "888.12"}, {"price": "0.52", "size": "502.5"}, {"price": "0.51", "size": "501"}, {"price": "0.5", "size": "500"}, {"price": "0.4", "size": "328"}], "event_type": "book", "last_trade_price": ""}]}
{"_local_timestamp": "2026-01-25T23:41:25.798327+00:00", "data": {"market": "0xe5bd1a38111a43d039ca8fc48c7f4f2e0690c87584de68a7fbea294131ede56f", "price_changes": [{"asset_id": "41482691478073814716017208822044199448252380821715828076491565117203952087095", "price": "0.13", "size": "7588", "side": "BUY", "hash": "651fced19a25693cb6984369f09a8fa63094dc0a", "best_bid": "0.15", "best_ask": "0.17"}, {"asset_id": "105492161346754909701985754075408491156648284741611725984306375947661129287082", "price": "0.87", "size": "7588", "side": "SELL", "hash": "1c7f3733ce67f6b0c515d710f9d8982fa416d462", "best_bid": "0.83", "best_ask": "0.85"}], "timestamp": "1769384485726", "event_type": "price_change"}}
{"_local_timestamp": "2026-01-25T23:41:25.836193+00:00", "data": {"market": "0xe5bd1a38111a43d039ca8fc48c7f4f2e0690c87584de68a7fbea294131ede56f", "price_changes": [{"asset_id": "41482691478073814716017208822044199448252380821715828076491565117203952087095", "price": "0.13", "size": "7704", "side": "BUY", "hash": "39beab045e6c5f9315fa1a47aad6be363156e4ba", "best_bid": "0.15", "best_ask": "0.17"}, {"asset_id": "105492161346754909701985754075408491156648284741611725984306375947661129287082", "price": "0.87", "size": "7704", "side": "SELL", "hash": "4bfba2ff2a1e364a105be3d4165c44cfdcc2368d", "best_bid": "0.83", "best_ask": "0.85"}], "timestamp": "1769384485756", "event_type": "price_change"}}
{"_local_timestamp": "2026-01-25T23:41:27.291875+00:00", "data": {"market": "0xe5bd1a38111a43d039ca8fc48c7f4f2e0690c87584de68a7fbea294131ede56f", "price_changes": [{"asset_id": "41482691478073814716017208822044199448252380821715828076491565117203952087095", "price": "0.13", "size": "7588", "side": "BUY", "hash": "7d1cb1612f4ebfdb16e8377152a533a106f66841", "best_bid": "0.15", "best_ask": "0.17"}, {"asset_id": "105492161346754909701985754075408491156648284741611725984306375947661129287082", "price": "0.87", "size": "7588", "side": "SELL", "hash": "93126df5a6c69aa664bf37771051fafd0b510a6c", "best_bid": "0.83", "best_ask": "0.85"}], "timestamp": "1769384487226", "event_type": "price_change"}}
{"_local_timestamp": "2026-01-25T23:41:27.321265+00:00", "data": {"market": "0xe5bd1a38111a43d039ca8fc48c7f4f2e0690c87584de68a7fbea294131ede56f", "price_changes": [{"asset_id": "41482691478073814716017208822044199448252380821715828076491565117203952087095", "price": "0.13", "size": "7704", "side": "BUY", "hash": "7e11bb65890b9740222e5468aa47014276fe9c49", "best_bid": "0.15", "best_ask": "0.17"}, {"asset_id": "105492161346754909701985754075408491156648284741611725984306375947661129287082", "price": "0.87", "size": "7704", "side": "SELL", "hash": "f522b3d3c304e2e8dc06ea371955ace9481adac2", "best_bid": "0.83", "best_ask": "0.85"}], "timestamp": "1769384487252", "event_type": "price_change"}}
{"_local_timestamp": "2026-01-25T23:41:27.982271+00:00", "data": {"market": "0xe5bd1a38111a43d039ca8fc48c7f4f2e0690c87584de68a7fbea294131ede56f", "price_changes": [{"asset_id": "41482691478073814716017208822044199448252380821715828076491565117203952087095", "price": "0.15", "size": "95", "side": "BUY", "hash": "7689bfa6f17995163e3c077050de99b0938fe109", "best_bid": "0.15", "best_ask": "0.17"}, {"asset_id": "105492161346754909701985754075408491156648284741611725984306375947661129287082", "price": "0.85", "size": "95", "side": "SELL", "hash": "691aacfde42bef4e4421ee8ce3ffd05f5bd1ad04", "best_bid": "0.83", "best_ask": "0.85"}], "timestamp": "1769384487914", "event_type": "price_change"}}
{"_local_timestamp": "2026-01-25T23:41:28.048382+00:00", "data": {"market": "0xe5bd1a38111a43d039ca8fc48c7f4f2e0690c87584de68a7fbea294131ede56f", "price_changes": [{"asset_id": "41482691478073814716017208822044199448252380821715828076491565117203952087095", "price": "0.15", "size": "20095", "side": "BUY", "hash": "98841fa72fccbb4bfeae5bfda9d3a124882c1535", "best_bid": "0.15", "best_ask": "0.17"}, {"asset_id": "105492161346754909701985754075408491156648284741611725984306375947661129287082", "price": "0.85", "size": "20095", "side": "SELL", "hash": "1c62090c172b32d8135924adb4d81ba0d402e90e", "best_bid": "0.83", "best_ask": "0.85"}], "timestamp": "1769384487977", "event_type": "price_change"}}
{"_local_timestamp": "2026-01-25T23:41:28.796468+00:00", "data": {"market": "0xe5bd1a38111a43d039ca8fc48c7f4f2e0690c87584de68a7fbea294131ede56f", "price_changes": [{"asset_id": "41482691478073814716017208822044199448252380821715828076491565117203952087095", "price": "0.13", "size": "7588", "side": "BUY", "hash": "3ad9fa2eec506a91a53ed2532e8eab2181218f41", "best_bid": "0.15", "best_ask": "0.17"}, {"asset_id": "105492161346754909701985754075408491156648284741611725984306375947661129287082", "price": "0.87", "size": "7588", "side": "SELL", "hash": "8dc8d61703a9d90a7993ca9f06774e69efdc4180", "best_bid": "0.83", "best_ask": "0.85"}], "timestamp": "1769384488726", "event_type": "price_change"}}
{"_local_timestamp": "2026-01-25T23:41:28.829791+00:00", "data": {"market": "0xe5bd1a38111a43d039ca8fc48c7f4f2e0690c87584de68a7fbea294131ede56f", "price_changes": [{"asset_id": "41482691478073814716017208822044199448252380821715828076491565117203952087095", "price": "0.13", "size": "7704", "side": "BUY", "hash": "0417af3c1bee4d308120957f292c5fa2a08f2ce1", "best_bid": "0.15", "best_ask": "0.17"}, {"asset_id": "105492161346754909701985754075408491156648284741611725984306375947661129287082", "price": "0.87", "size": "7704", "side": "SELL", "hash": "60d16b3f1055c81fb7f8e10554fc9db0e64cee33", "best_bid": "0.83", "best_ask": "0.85"}], "timestamp": "1769384488758", "event_type": "price_change"}}
{"_local_timestamp": "2026-01-25T23:41:30.298935+00:00", "data": {"market": "0xe5bd1a38111a43d039ca8fc48c7f4f2e0690c87584de68a7fbea294131ede56f", "price_changes": [{"asset_id": "41482691478073814716017208822044199448252380821715828076491565117203952087095", "price": "0.13", "size": "7588", "side": "BUY", "hash": "3b03d0ecaedf3110f175689e020167a810e0828c", "best_bid": "0.15", "best_ask": "0.17"}, {"asset_id": "105492161346754909701985754075408491156648284741611725984306375947661129287082", "price": "0.87", "size": "7588", "side": "SELL", "hash": "57d70edefcd135b76a70ccae7558553f3c7c849f", "best_bid": "0.83", "best_ask": "0.85"}], "timestamp": "1769384490226", "event_type": "price_change"}}
{"_local_timestamp": "2026-01-25T23:41:30.323291+00:00", "data": {"market": "0xe5bd1a38111a43d039ca8fc48c7f4f2e0690c87584de68a7fbea294131ede56f", "price_changes": [{"asset_id": "41482691478073814716017208822044199448252380821715828076491565117203952087095", "price": "0.13", "size": "7704", "side": "BUY", "hash": "6a90f3ead510aeb1f5b38b1df2b6a8db0bd34b6b", "best_bid": "0.15", "best_ask": "0.17"}, {"asset_id": "105492161346754909701985754075408491156648284741611725984306375947661129287082", "price": "0.87", "size": "7704", "side": "SELL", "hash": "6d162642657356322f51b2f17d2f6a722279d9f4", "best_bid": "0.83", "best_ask": "0.85"}], "timestamp": "1769384490252", "event_type": "price_change"}}
{"_local_timestamp": "2026-01-25T23:41:31.225759+00:00", "data": {"market": "0xe5bd1a38111a43d039ca8fc48c7f4f2e0690c87584de68a7fbea294131ede56f", "price_changes": [{"asset_id": "41482691478073814716017208822044199448252380821715828076491565117203952087095", "price": "0.15", "size": "95", "side": "BUY", "hash": "d891c01748109f816a48419d44964dfd3a829fc3", "best_bid": "0.15", "best_ask": "0.17"}, {"asset_id": "105492161346754909701985754075408491156648284741611725984306375947661129287082", "price": "0.85", "size": "95", "side": "SELL", "hash": "e8288bbb7fe6640bda74d183f27e5309cfb7add5", "best_bid": "0.83", "best_ask": "0.85"}], "timestamp": "1769384491156", "event_type": "price_change"}}
{"_local_timestamp": "2026-01-25T23:41:31.286111+00:00", "data": {"market": "0xe5bd1a38111a43d039ca8fc48c7f4f2e0690c87584de68a7fbea294131ede56f", "price_changes": [{"asset_id": "41482691478073814716017208822044199448252380821715828076491565117203952087095", "price": "0.15", "size": "20095", "side": "BUY", "hash": "f7ca7ae85304eb684550724ffc734ae6448652ab", "best_bid": "0.15", "best_ask": "0.17"}, {"asset_id": "105492161346754909701985754075408491156648284741611725984306375947661129287082", "price": "0.85", "size": "20095", "side": "SELL", "hash": "b8a2dac2e03848366a14ba6f0d08dc43bfbd9ce9", "best_bid": "0.83", "best_ask": "0.85"}], "timestamp": "1769384491215", "event_type": "price_change"}}
{"_local_timestamp": "2026-01-25T23:41:31.802960+00:00", "data": {"market": "0xe5bd1a38111a43d039ca8fc48c7f4f2e0690c87584de68a7fbea294131ede56f", "price_changes": [{"asset_id": "41482691478073814716017208822044199448252380821715828076491565117203952087095", "price": "0.13", "size": "7588", "side": "BUY", "hash": "0f28d85457f721150c8c5c0616e0b36ff4faefc4", "best_bid": "0.15", "best_ask": "0.17"}, {"asset_id": "105492161346754909701985754075408491156648284741611725984306375947661129287082", "price": "0.87", "size": "7588", "side": "SELL", "hash": "fdf5a3b307e81130765d9c0ae3d24cec8eac1757", "best_bid": "0.83", "best_ask": "0.85"}], "timestamp": "1769384491732", "event_type": "price_change"}}
{"_local_timestamp": "2026-01-25T23:41:31.828261+00:00", "data": {"market": "0xe5bd1a38111a43d039ca8fc48c7f4f2e0690c87584de68a7fbea294131ede56f", "price_changes": [{"asset_id": "41482691478073814716017208822044199448252380821715828076491565117203952087095", "price": "0.13", "size": "7704", "side": "BUY", "hash": "7dcad97212b7aced1f581f0d8135bd64d421c3c1", "best_bid": "0.15", "best_ask": "0.17"}, {"asset_id": "105492161346754909701985754075408491156648284741611725984306375947661129287082", "price": "0.87", "size": "7704", "side": "SELL", "hash": "2bc312bc9c8c374d8804669a8fcca88199e9621f", "best_bid": "0.83", "best_ask": "0.85"}], "timestamp": "1769384491759", "event_type": "price_change"}}
{"_local_timestamp": "2026-01-25T23:41:33.295079+00:00", "data": {"market": "0xe5bd1a38111a43d039ca8fc48c7f4f2e0690c87584de68a7fbea294131ede56f", "price_changes": [{"asset_id": "41482691478073814716017208822044199448252380821715828076491565117203952087095", "price": "0.13", "size": "7588", "side": "BUY", "hash": "bc9bd9a82b5bbe6dbeb9205010d1f6f67e22779f", "best_bid": "0.15", "best_ask": "0.17"}, {"asset_id": "105492161346754909701985754075408491156648284741611725984306375947661129287082", "price": "0.87", "size": "7588", "side": "SELL", "hash": "3c51c7bdaf024e58d8af0d6111a71839f5da05da", "best_bid": "0.83", "best_ask": "0.85"}], "timestamp": "1769384493225", "event_type": "price_change"}}
{"_local_timestamp": "2026-01-25T23:41:33.318884+00:00", "data": {"market": "0xe5bd1a38111a43d039ca8fc48c7f4f2e0690c87584de68a7fbea294131ede56f", "price_changes": [{"asset_id": "41482691478073814716017208822044199448252380821715828076491565117203952087095", "price": "0.13", "size": "7704", "side": "BUY", "hash": "ab0f16ea43b8d77dab68db26bfb1fc0a30e7eb29", "best_bid": "0.15", "best_ask": "0.17"}, {"asset_id": "105492161346754909701985754075408491156648284741611725984306375947661129287082", "price": "0.87", "size": "7704", "side": "SELL", "hash": "5efd1a7549cb047862fda2c7005cc482c9db1090", "best_bid": "0.83", "best_ask": "0.85"}], "timestamp": "1769384493250", "event_type": "price_change"}}
{"_local_timestamp": "2026-01-25T23:41:34.483785+00:00", "data": {"market": "0xe5bd1a38111a43d039ca8fc48c7f4f2e0690c87584de68a7fbea294131ede56f", "price_changes": [{"asset_id": "41482691478073814716017208822044199448252380821715828076491565117203952087095", "price": "0.15", "size": "95", "side": "BUY", "hash": "bb1f6e5c3c710910c6fd401792eb65c2c1e56054", "best_bid": "0.15", "best_ask": "0.17"}, {"asset_id": "105492161346754909701985754075408491156648284741611725984306375947661129287082", "price": "0.85", "size": "95", "side": "SELL", "hash": "f444914d7b2ad7748ab00cb0b232f3bc916cd0a8", "best_bid": "0.83", "best_ask": "0.85"}], "timestamp": "1769384494416", "event_type": "price_change"}}
{"_local_timestamp": "2026-01-25T23:41:34.508103+00:00", "data": {"market": "0xe5bd1a38111a43d039ca8fc48c7f4f2e0690c87584de68a7fbea294131ede56f", "price_changes": [{"asset_id": "41482691478073814716017208822044199448252380821715828076491565117203952087095", "price": "0.13", "size": "7588", "side": "BUY", "hash": "d1f77f3538646e67acfbe7be635f0b6e20263676", "best_bid": "0.15", "best_ask": "0.17"}, {"asset_id": "105492161346754909701985754075408491156648284741611725984306375947661129287082", "price": "0.87", "size": "7588", "side": "SELL", "hash": "f426b5a194614ae910f89a1f406fd1f4ef8a5a42", "best_bid": "0.83", "best_ask": "0.85"}], "timestamp": "1769384494439", "event_type": "price_change"}}
{"_local_timestamp": "2026-01-25T23:41:34.548368+00:00", "data": {"market": "0xe5bd1a38111a43d039ca8fc48c7f4f2e0690c87584de68a7fbea294131ede56f", "price_changes": [{"asset_id": "41482691478073814716017208822044199448252380821715828076491565117203952087095", "price": "0.15", "size": "20095", "side": "BUY", "hash": "3e9a1e87bbefd74427ee6e3f27442603a775e98d", "best_bid": "0.15", "best_ask": "0.17"}, {"asset_id": "105492161346754909701985754075408491156648284741611725984306375947661129287082", "price": "0.85", "size": "20095", "side": "SELL", "hash": "6997f21f64749871e8a2049080ebc5a552b6a706", "best_bid": "0.83", "best_ask": "0.85"}], "timestamp": "1769384494477", "event_type": "price_change"}}
{"_local_timestamp": "2026-01-25T23:41:34.572980+00:00", "data": {"market": "0xe5bd1a38111a43d039ca8fc48c7f4f2e0690c87584de68a7fbea294131ede56f", "price_changes": [{"asset_id": "41482691478073814716017208822044199448252380821715828076491565117203952087095", "price": "0.13", "size": "7704", "side": "BUY", "hash": "e877611c12b6e6494ef7624d9ecb5f251b5580f9", "best_bid": "0.15", "best_ask": "0.17"}, {"asset_id": "105492161346754909701985754075408491156648284741611725984306375947661129287082", "price": "0.87", "size": "7704", "side": "SELL", "hash": "2f2392c73031382112fa8d286d601045dab54c82", "best_bid": "0.83", "best_ask": "0.85"}], "timestamp": "1769384494505", "event_type": "price_change"}}
{"_local_timestamp": "2026-01-25T23:41:35.796800+00:00", "data": {"market": "0xe5bd1a38111a43d039ca8fc48c7f4f2e0690c87584de68a7fbea294131ede56f", "price_changes": [{"asset_id": "41482691478073814716017208822044199448252380821715828076491565117203952087095", "price": "0.13", "size": "7588", "side": "BUY", "hash": "27f41f86512697b5a84f7e44802a17fdacca42e5", "best_bid": "0.15", "best_ask": "0.17"}, {"asset_id": "105492161346754909701985754075408491156648284741611725984306375947661129287082", "price": "0.87", "size": "7588", "side": "SELL", "hash": "b15b8249901adbea980aa06296f151798fa554af", "best_bid": "0.83", "best_ask": "0.85"}], "timestamp": "1769384495726", "event_type": "price_change"}}
{"_local_timestamp": "2026-01-25T23:41:35.815135+00:00", "data": {"market": "0xe5bd1a38111a43d039ca8fc48c7f4f2e0690c87584de68a7fbea294131ede56f", "price_changes": [{"asset_id": "41482691478073814716017208822044199448252380821715828076491565117203952087095", "price": "0.13", "size": "7704", "side": "BUY", "hash": "c6df38b5c8ba5541965def0625c6fbd6de35cdcd", "best_bid": "0.15", "best_ask": "0.17"}, {"asset_id": "105492161346754909701985754075408491156648284741611725984306375947661129287082", "price": "0.87", "size": "7704", "side": "SELL", "hash": "4f479d6da001e5e97ac07d7c8c8805195813c014", "best_bid": "0.83", "best_ask": "0.85"}], "timestamp": "1769384495751", "event_type": "price_change"}}
{"_local_timestamp": "2026-01-25T23:41:37.290768+00:00", "data": {"market": "0xe5bd1a38111a43d039ca8fc48c7f4f2e0690c87584de68a7fbea294131ede56f", "price_changes": [{"asset_id": "41482691478073814716017208822044199448252380821715828076491565117203952087095", "price": "0.13", "size": "7588", "side": "BUY", "hash": "cbc4562a633306443fbb015b8708407762adb5f4", "best_bid": "0.15", "best_ask": "0.17"}, {"asset_id": "105492161346754909701985754075408491156648284741611725984306375947661129287082", "price": "0.87", "size": "7588", "side": "SELL", "hash": "247891a35db587f5aaa5d504a3a95394ba2e0151", "best_bid": "0.83", "best_ask": "0.85"}], "timestamp": "1769384497226", "event_type": "price_change"}}
{"_local_timestamp": "2026-01-25T23:41:37.315856+00:00", "data": {"market": "0xe5bd1a38111a43d039ca8fc48c7f4f2e0690c87584de68a7fbea294131ede56f", "price_changes": [{"asset_id": "41482691478073814716017208822044199448252380821715828076491565117203952087095", "price": "0.13", "size": "7704", "side": "BUY", "hash": "0685a08c3d8507954888e818aa5711c841675457", "best_bid": "0.15", "best_ask": "0.17"}, {"asset_id": "105492161346754909701985754075408491156648284741611725984306375947661129287082", "price": "0.87", "size": "7704", "side": "SELL", "hash": "405057257d398389e94442323a923e2fbba6d40a", "best_bid": "0.83", "best_ask": "0.85"}], "timestamp": "1769384497250", "event_type": "price_change"}}
{"_local_timestamp": "2026-01-25T23:41:37.775541+00:00", "data": {"market": "0xe5bd1a38111a43d039ca8fc48c7f4f2e0690c87584de68a7fbea294131ede56f", "price_changes": [{"asset_id": "41482691478073814716017208822044199448252380821715828076491565117203952087095", "price": "0.15", "size": "95", "side": "BUY", "hash": "eece3b8c71c8926e8936e49b50e943ea9a78e9b3", "best_bid": "0.15", "best_ask": "0.17"}, {"asset_id": "105492161346754909701985754075408491156648284741611725984306375947661129287082", "price": "0.85", "size": "95", "side": "SELL", "hash": "1758ed6628c9caefbda0f3fddcecdabacecef813", "best_bid": "0.83", "best_ask": "0.85"}], "timestamp": "1769384497696", "event_type": "price_change"}}
{"_local_timestamp": "2026-01-25T23:41:37.823420+00:00", "data": {"market": "0xe5bd1a38111a43d039ca8fc48c7f4f2e0690c87584de68a7fbea294131ede56f", "price_changes": [{"asset_id": "41482691478073814716017208822044199448252380821715828076491565117203952087095", "price": "0.15", "size": "20095", "side": "BUY", "hash": "d00909ffc3f2f276f647599da440a1833f9f59b2", "best_bid": "0.15", "best_ask": "0.17"}, {"asset_id": "105492161346754909701985754075408491156648284741611725984306375947661129287082", "price": "0.85", "size": "20095", "side": "SELL", "hash": "8038e70486dbba9d7b92ed0b7b9e6f8c906f0a96", "best_bid": "0.83", "best_ask": "0.85"}], "timestamp": "1769384497754", "event_type": "price_change"}}
{"_local_timestamp": "2026-01-25T23:41:38.791382+00:00", "data": {"market": "0xe5bd1a38111a43d039ca8fc48c7f4f2e0690c87584de68a7fbea294131ede56f", "price_changes": [{"asset_id": "41482691478073814716017208822044199448252380821715828076491565117203952087095", "price": "0.13", "size": "7588", "side": "BUY", "hash": "e6c5542de98cef9074c1b36ba421169aa145dddf", "best_bid": "0.15", "best_ask": "0.17"}, {"asset_id": "105492161346754909701985754075408491156648284741611725984306375947661129287082", "price": "0.87", "size": "7588", "side": "SELL", "hash": "c23f15eec0e814377f1a123cd4ae7fec0e44bce9", "best_bid": "0.83", "best_ask": "0.85"}], "timestamp": "1769384498725", "event_type": "price_change"}}
{"_local_timestamp": "2026-01-25T23:41:38.818641+00:00", "data": {"market": "0xe5bd1a38111a43d039ca8fc48c7f4f2e0690c87584de68a7fbea294131ede56f", "price_changes": [{"asset_id": "41482691478073814716017208822044199448252380821715828076491565117203952087095", "price": "0.13", "size": "7704", "side": "BUY", "hash": "f618ebe6e1746b0a6be0df1c7c73a8895addc891", "best_bid": "0.15", "best_ask": "0.17"}, {"asset_id": "105492161346754909701985754075408491156648284741611725984306375947661129287082", "price": "0.87", "size": "7704", "side": "SELL", "hash": "7e649aedebdc12457c9b15cb6664487046a967d6", "best_bid": "0.83", "best_ask": "0.85"}], "timestamp": "1769384498751", "event_type": "price_change"}}
{"_local_timestamp": "2026-01-25T23:41:40.346215+00:00", "data": {"market": "0xe5bd1a38111a43d039ca8fc48c7f4f2e0690c87584de68a7fbea294131ede56f", "price_changes": [{"asset_id": "41482691478073814716017208822044199448252380821715828076491565117203952087095", "price": "0.13", "size": "7588", "side": "BUY", "hash": "4e9b683796045a3483e2cd527e966852b7b51917", "best_bid": "0.15", "best_ask": "0.17"}, {"asset_id": "105492161346754909701985754075408491156648284741611725984306375947661129287082", "price": "0.87", "size": "7588", "side": "SELL", "hash": "09f39e804b24441610404319a1a57ca0105b5110", "best_bid": "0.83", "best_ask": "0.85"}], "timestamp": "1769384500226", "event_type": "price_change"}}
{"_local_timestamp": "2026-01-25T23:41:40.370101+00:00", "data": {"market": "0xe5bd1a38111a43d039ca8fc48c7f4f2e0690c87584de68a7fbea294131ede56f", "price_changes": [{"asset_id": "41482691478073814716017208822044199448252380821715828076491565117203952087095", "price": "0.13", "size": "7704", "side": "BUY", "hash": "e48641141c670157861a97bb217233a681dcf9ad", "best_bid": "0.15", "best_ask": "0.17"}, {"asset_id": "105492161346754909701985754075408491156648284741611725984306375947661129287082", "price": "0.87", "size": "7704", "side": "SELL", "hash": "b4a6ebe3d0711f329866dab3211b8c24cb6a455f", "best_bid": "0.83", "best_ask": "0.85"}], "timestamp": "1769384500253", "event_type": "price_change"}}
{"_local_timestamp": "2026-01-25T23:41:40.723574+00:00", "data": {"market": "0xe5bd1a38111a43d039ca8fc48c7f4f2e0690c87584de68a7fbea294131ede56f", "price_changes": [{"asset_id": "41482691478073814716017208822044199448252380821715828076491565117203952087095", "price": "0.15", "size": "95", "side": "BUY", "hash": "9fdfdf3ae84b217bb983270b5655497ca1a97b73", "best_bid": "0.15", "best_ask": "0.17"}, {"asset_id": "105492161346754909701985754075408491156648284741611725984306375947661129287082", "price": "0.85", "size": "95", "side": "SELL", "hash": "cbfac195f75702839cc8dfeadbe226add5a5323a", "best_bid": "0.83", "best_ask": "0.85"}], "timestamp": "1769384500653", "event_type": "price_change"}}
{"_local_timestamp": "2026-01-25T23:41:40.777529+00:00", "data": {"market": "0xe5bd1a38111a43d039ca8fc48c7f4f2e0690c87584de68a7fbea294131ede56f", "price_changes": [{"asset_id": "41482691478073814716017208822044199448252380821715828076491565117203952087095", "price": "0.15", "size": "20095", "side": "BUY", "hash": "10c1fb597618f5f90a97c7561f634d5c436c46bf", "best_bid": "0.15", "best_ask": "0.17"}, {"asset_id": "105492161346754909701985754075408491156648284741611725984306375947661129287082", "price": "0.85", "size": "20095", "side": "SELL", "hash": "06a05bccc7b84feb1e334d70a6466ab46afd0100", "best_bid": "0.83", "best_ask": "0.85"}], "timestamp": "1769384500708", "event_type": "price_change"}}
{"_local_timestamp": "2026-01-25T23:41:41.796913+00:00", "data": {"market": "0xe5bd1a38111a43d039ca8fc48c7f4f2e0690c87584de68a7fbea294131ede56f", "price_changes": [{"asset_id": "41482691478073814716017208822044199448252380821715828076491565117203952087095", "price": "0.13", "size": "7588", "side": "BUY", "hash": "99a80dc03a200a0175b91a96184a92d9a40be646", "best_bid": "0.15", "best_ask": "0.17"}, {"asset_id": "105492161346754909701985754075408491156648284741611725984306375947661129287082", "price": "0.87", "size": "7588", "side": "SELL", "hash": "9a0106cf39675ba2eeed8bfce39cf6d79d6b5f99", "best_bid": "0.83", "best_ask": "0.85"}], "timestamp": "1769384501724", "event_type": "price_change"}}
{"_local_timestamp": "2026-01-25T23:41:41.812861+00:00", "data": {"market": "0xe5bd1a38111a43d039ca8fc48c7f4f2e0690c87584de68a7fbea294131ede56f", "price_changes": [{"asset_id": "41482691478073814716017208822044199448252380821715828076491565117203952087095", "price": "0.13", "size": "7704", "side": "BUY", "hash": "2c9b99f5677c21b408f3a7f55f17871155a01c40", "best_bid": "0.15", "best_ask": "0.17"}, {"asset_id": "105492161346754909701985754075408491156648284741611725984306375947661129287082", "price": "0.87", "size": "7704", "side": "SELL", "hash": "bb14b0441127079678bad68f0eb016f6fb842638", "best_bid": "0.83", "best_ask": "0.85"}], "timestamp": "1769384501749", "event_type": "price_change"}}
{"_local_timestamp": "2026-01-25T23:41:43.300650+00:00", "data": {"market": "0xe5bd1a38111a43d039ca8fc48c7f4f2e0690c87584de68a7fbea294131ede56f", "price_changes": [{"asset_id": "41482691478073814716017208822044199448252380821715828076491565117203952087095", "price": "0.13", "size": "7588", "side": "BUY", "hash": "2e530e2abd9ce16f8e509e04a7b77f635fcd43e1", "best_bid": "0.15", "best_ask": "0.17"}, {"asset_id": "105492161346754909701985754075408491156648284741611725984306375947661129287082", "price": "0.87", "size": "7588", "side": "SELL", "hash": "e3adb3a28465652e75ecf11e5aaec182c5805e68", "best_bid": "0.83", "best_ask": "0.85"}], "timestamp": "1769384503226", "event_type": "price_change"}}
{"_local_timestamp": "2026-01-25T23:41:43.326290+00:00", "data": {"market": "0xe5bd1a38111a43d039ca8fc48c7f4f2e0690c87584de68a7fbea294131ede56f", "price_changes": [{"asset_id": "41482691478073814716017208822044199448252380821715828076491565117203952087095", "price": "0.13", "size": "7704", "side": "BUY", "hash": "831fee239193b2c1465f86328be76033129200e6", "best_bid": "0.15", "best_ask": "0.17"}, {"asset_id": "105492161346754909701985754075408491156648284741611725984306375947661129287082", "price": "0.87", "size": "7704", "side": "SELL", "hash": "3637563b8919a64bb7810cce9a16d5bd70fe73da", "best_bid": "0.83", "best_ask": "0.85"}], "timestamp": "1769384503256", "event_type": "price_change"}}
{"_local_timestamp": "2026-01-25T23:41:43.731590+00:00", "data": {"market": "0xe5bd1a38111a43d039ca8fc48c7f4f2e0690c87584de68a7fbea294131ede56f", "price_changes": [{"asset_id": "41482691478073814716017208822044199448252380821715828076491565117203952087095", "price": "0.15", "size": "95", "side": "BUY", "hash": "0fb6da2e9104659acd4d1cd5e465f9d81e7b488e", "best_bid": "0.15", "best_ask": "0.17"}, {"asset_id": "105492161346754909701985754075408491156648284741611725984306375947661129287082", "price": "0.85", "size": "95", "side": "SELL", "hash": "448188f8a0d575031630924b79655d6fec928387", "best_bid": "0.83", "best_ask": "0.85"}], "timestamp": "1769384503658", "event_type": "price_change"}}
{"_local_timestamp": "2026-01-25T23:41:43.790085+00:00", "data": {"market": "0xe5bd1a38111a43d039ca8fc48c7f4f2e0690c87584de68a7fbea294131ede56f", "price_changes": [{"asset_id": "41482691478073814716017208822044199448252380821715828076491565117203952087095", "price": "0.15", "size": "20095", "side": "BUY", "hash": "91435d3ad8cc3dd897e22d61468b1461c8c65026", "best_bid": "0.15", "best_ask": "0.17"}, {"asset_id": "105492161346754909701985754075408491156648284741611725984306375947661129287082", "price": "0.85", "size": "20095", "side": "SELL", "hash": "6d4c37aa5f3c81cc5a5793b9a739dbfb8df40703", "best_bid": "0.83", "best_ask": "0.85"}], "timestamp": "1769384503723", "event_type": "price_change"}}
{"_local_timestamp": "2026-01-25T23:41:44.800776+00:00", "data": {"market": "0xe5bd1a38111a43d039ca8fc48c7f4f2e0690c87584de68a7fbea294131ede56f", "price_changes": [{"asset_id": "41482691478073814716017208822044199448252380821715828076491565117203952087095", "price": "0.13", "size": "7588", "side": "BUY", "hash": "23812f4daac9bd53101b6e66549946ed655cd2a1", "best_bid": "0.15", "best_ask": "0.17"}, {"asset_id": "105492161346754909701985754075408491156648284741611725984306375947661129287082", "price": "0.87", "size": "7588", "side": "SELL", "hash": "00c044bf8090a8ae577a5affcc59a08178b66d8d", "best_bid": "0.83", "best_ask": "0.85"}], "timestamp": "1769384504726", "event_type": "price_change"}}
{"_local_timestamp": "2026-01-25T23:41:44.816434+00:00", "data": {"market": "0xe5bd1a38111a43d039ca8fc48c7f4f2e0690c87584de68a7fbea294131ede56f", "price_changes": [{"asset_id": "41482691478073814716017208822044199448252380821715828076491565117203952087095", "price": "0.13", "size": "7704", "side": "BUY", "hash": "de790c99c5f6989bb1eebeef72b5ef87318e5e39", "best_bid": "0.15", "best_ask": "0.17"}, {"asset_id": "105492161346754909701985754075408491156648284741611725984306375947661129287082", "price": "0.87", "size": "7704", "side": "SELL", "hash": "c9d484877cc7b67a10b94533dd27814afbcd6544", "best_bid": "0.83", "best_ask": "0.85"}], "timestamp": "1769384504753", "event_type": "price_change"}}
{"_local_timestamp": "2026-01-25T23:41:46.294792+00:00", "data": {"market": "0xe5bd1a38111a43d039ca8fc48c7f4f2e0690c87584de68a7fbea294131ede56f", "price_changes": [{"asset_id": "41482691478073814716017208822044199448252380821715828076491565117203952087095", "price": "0.13", "size": "7588", "side": "BUY", "hash": "3a6066dd05bf13e107c3b17de82faedd27701b08", "best_bid": "0.15", "best_ask": "0.17"}, {"asset_id": "105492161346754909701985754075408491156648284741611725984306375947661129287082", "price": "0.87", "size": "7588", "side": "SELL", "hash": "0c3530029b669af4ffd6cc334f68eeef240f28a1", "best_bid": "0.83", "best_ask": "0.85"}], "timestamp": "1769384506226", "event_type": "price_change"}}
{"_local_timestamp": "2026-01-25T23:41:46.318211+00:00", "data": {"market": "0xe5bd1a38111a43d039ca8fc48c7f4f2e0690c87584de68a7fbea294131ede56f", "price_changes": [{"asset_id": "41482691478073814716017208822044199448252380821715828076491565117203952087095", "price": "0.13", "size": "7704", "side": "BUY", "hash": "259de37d7908cb9e3cc4cb0394df52029e086e57", "best_bid": "0.15", "best_ask": "0.17"}, {"asset_id": "105492161346754909701985754075408491156648284741611725984306375947661129287082", "price": "0.87", "size": "7704", "side": "SELL", "hash": "3907973c86dc2ad2c8215ed16881bd1b43f80295", "best_bid": "0.83", "best_ask": "0.85"}], "timestamp": "1769384506252", "event_type": "price_change"}}
{"_local_timestamp": "2026-01-25T23:41:46.998795+00:00", "data": {"market": "0xe5bd1a38111a43d039ca8fc48c7f4f2e0690c87584de68a7fbea294131ede56f", "price_changes": [{"asset_id": "41482691478073814716017208822044199448252380821715828076491565117203952087095", "price": "0.15", "size": "95", "side": "BUY", "hash": "67d9d8ea3bdeeaae787fb6d10570d3fd3757e487", "best_bid": "0.15", "best_ask": "0.17"}, {"asset_id": "105492161346754909701985754075408491156648284741611725984306375947661129287082", "price": "0.85", "size": "95", "side": "SELL", "hash": "569eb410ca03ed82ab9d868a6e27c28c5d4a7e4e", "best_bid": "0.83", "best_ask": "0.85"}], "timestamp": "1769384506926", "event_type": "price_change"}}
{"_local_timestamp": "2026-01-25T23:41:47.045569+00:00", "data": {"market": "0xe5bd1a38111a43d039ca8fc48c7f4f2e0690c87584de68a7fbea294131ede56f", "price_changes": [{"asset_id": "41482691478073814716017208822044199448252380821715828076491565117203952087095", "price": "0.15", "size": "20095", "side": "BUY", "hash": "7587738da386bbaef29b5b7a43c3cb02a630a197", "best_bid": "0.15", "best_ask": "0.17"}, {"asset_id": "105492161346754909701985754075408491156648284741611725984306375947661129287082", "price": "0.85", "size": "20095", "side": "SELL", "hash": "ddd16c0b617d0739dd33e4c3907626ff3792ca18", "best_bid": "0.83", "best_ask": "0.85"}], "timestamp": "1769384506976", "event_type": "price_change"}}
{"_local_timestamp": "2026-01-25T23:41:47.795272+00:00", "data": {"market": "0xe5bd1a38111a43d039ca8fc48c7f4f2e0690c87584de68a7fbea294131ede56f", "price_changes": [{"asset_id": "41482691478073814716017208822044199448252380821715828076491565117203952087095", "price": "0.13", "size": "7588", "side": "BUY", "hash": "43d3120912c63d95f44d13c4166e048e127915fd", "best_bid": "0.15", "best_ask": "0.17"}, {"asset_id": "105492161346754909701985754075408491156648284741611725984306375947661129287082", "price": "0.87", "size": "7588", "side": "SELL", "hash": "c90f38892785831e8fa90c1e8ad44e35360405e9", "best_bid": "0.83", "best_ask": "0.85"}], "timestamp": "1769384507731", "event_type": "price_change"}}
{"_local_timestamp": "2026-01-25T23:41:47.834363+00:00", "data": {"market": "0xe5bd1a38111a43d039ca8fc48c7f4f2e0690c87584de68a7fbea294131ede56f", "price_changes": [{"asset_id": "41482691478073814716017208822044199448252380821715828076491565117203952087095", "price": "0.13", "size": "7704", "side": "BUY", "hash": "e0eeb729fcd38222fa97c6725d5c45edd8b62ee0", "best_bid": "0.15", "best_ask": "0.17"}, {"asset_id": "105492161346754909701985754075408491156648284741611725984306375947661129287082", "price": "0.87", "size": "7704", "side": "SELL", "hash": "fbd61ff67c74546855ad3542846a6436fd41ee15", "best_bid": "0.83", "best_ask": "0.85"}], "timestamp": "1769384507760", "event_type": "price_change"}}
{"_local_timestamp": "2026-01-25T23:41:49.296145+00:00", "data": {"market": "0xe5bd1a38111a43d039ca8fc48c7f4f2e0690c87584de68a7fbea294131ede56f", "price_changes": [{"asset_id": "41482691478073814716017208822044199448252380821715828076491565117203952087095", "price": "0.13", "size": "7588", "side": "BUY", "hash": "c2c71e444b71fbb88a0501919b62abb565b8a9d0", "best_bid": "0.15", "best_ask": "0.17"}, {"asset_id": "105492161346754909701985754075408491156648284741611725984306375947661129287082", "price": "0.87", "size": "7588", "side": "SELL", "hash": "a9113f5f230133a7131b32e3f66f4a562a12f4b9", "best_bid": "0.83", "best_ask": "0.85"}], "timestamp": "1769384509231", "event_type": "price_change"}}
{"_local_timestamp": "2026-01-25T23:41:49.327980+00:00", "data": {"market": "0xe5bd1a38111a43d039ca8fc48c7f4f2e0690c87584de68a7fbea294131ede56f", "price_changes": [{"asset_id": "41482691478073814716017208822044199448252380821715828076491565117203952087095", "price": "0.13", "size": "7704", "side": "BUY", "hash": "ab368abda213f8792650e333d265235843b510a7", "best_bid": "0.15", "best_ask": "0.17"}, {"asset_id": "105492161346754909701985754075408491156648284741611725984306375947661129287082", "price": "0.87", "size": "7704", "side": "SELL", "hash": "15bd3a099c5247aca995701a8c8caf466262aaa9", "best_bid": "0.83", "best_ask": "0.85"}], "timestamp": "1769384509256", "event_type": "price_change"}}
{"_local_timestamp": "2026-01-25T23:41:49.974601+00:00", "data": {"market": "0xe5bd1a38111a43d039ca8fc48c7f4f2e0690c87584de68a7fbea294131ede56f", "price_changes": [{"asset_id": "41482691478073814716017208822044199448252380821715828076491565117203952087095", "price": "0.15", "size": "95", "side": "BUY", "hash": "7937acc6b99bef1e64294013b35c54815e8e0f37", "best_bid": "0.15", "best_ask": "0.17"}, {"asset_id": "105492161346754909701985754075408491156648284741611725984306375947661129287082", "price": "0.85", "size": "95", "side": "SELL", "hash": "98a7ce741d70e995dd24cc3eae47bd213a64bbfe", "best_bid": "0.83", "best_ask": "0.85"}], "timestamp": "1769384509912", "event_type": "price_change"}}
{"_local_timestamp": "2026-01-25T23:41:50.032191+00:00", "data": {"market": "0xe5bd1a38111a43d039ca8fc48c7f4f2e0690c87584de68a7fbea294131ede56f", "price_changes": [{"asset_id": "41482691478073814716017208822044199448252380821715828076491565117203952087095", "price": "0.15", "size": "20095", "side": "BUY", "hash": "fb3b918531e412dd6eb863dda6888645c162f801", "best_bid": "0.15", "best_ask": "0.17"}, {"asset_id": "105492161346754909701985754075408491156648284741611725984306375947661129287082", "price": "0.85", "size": "20095", "side": "SELL", "hash": "4f8eadd04d27c1ae77977b505dbe50c6ffc35fe4", "best_bid": "0.83", "best_ask": "0.85"}], "timestamp": "1769384509964", "event_type": "price_change"}}
{"_local_timestamp": "2026-01-25T23:41:50.842313+00:00", "data": {"market": "0xe5bd1a38111a43d039ca8fc48c7f4f2e0690c87584de68a7fbea294131ede56f", "price_changes": [{"asset_id": "41482691478073814716017208822044199448252380821715828076491565117203952087095", "price": "0.13", "size": "7588", "side": "BUY", "hash": "bbc675ce198638d4f642c29a30f4689ce2b0c838", "best_bid": "0.15", "best_ask": "0.17"}, {"asset_id": "105492161346754909701985754075408491156648284741611725984306375947661129287082", "price": "0.87", "size": "7588", "side": "SELL", "hash": "48d2914a699b6448482fd2c0ead4ae997c125b5f", "best_bid": "0.83", "best_ask": "0.85"}], "timestamp": "1769384510733", "event_type": "price_change"}}
{"_local_timestamp": "2026-01-25T23:41:50.924503+00:00", "data": {"market": "0xe5bd1a38111a43d039ca8fc48c7f4f2e0690c87584de68a7fbea294131ede56f", "price_changes": [{"asset_id": "41482691478073814716017208822044199448252380821715828076491565117203952087095", "price": "0.13", "size": "7704", "side": "BUY", "hash": "bd59492c75a0f084580b457f1581de1c9072da0c", "best_bid": "0.15", "best_ask": "0.17"}, {"asset_id": "105492161346754909701985754075408491156648284741611725984306375947661129287082", "price": "0.87", "size": "7704", "side": "SELL", "hash": "1c5cbea76e39bda2269e7dda7bfb253633c3aabd", "best_bid": "0.83", "best_ask": "0.85"}], "timestamp": "1769384510760", "event_type": "price_change"}}
{"_local_timestamp": "2026-01-25T23:41:52.293947+00:00", "data": {"market": "0xe5bd1a38111a43d039ca8fc48c7f4f2e0690c87584de68a7fbea294131ede56f", "price_changes": [{"asset_id": "41482691478073814716017208822044199448252380821715828076491565117203952087095", "price": "0.13", "size": "7588", "side": "BUY", "hash": "765f953c3e7cb7c1b09c50b5251ebe8331f561a4", "best_bid": "0.15", "best_ask": "0.17"}, {"asset_id": "105492161346754909701985754075408491156648284741611725984306375947661129287082", "price": "0.87", "size": "7588", "side": "SELL", "hash": "f66f8b961d6d90d2a9205d7b2b08646b974b046b", "best_bid": "0.83", "best_ask": "0.85"}], "timestamp": "1769384512227", "event_type": "price_change"}}
{"_local_timestamp": "2026-01-25T23:41:52.370490+00:00", "data": {"market": "0xe5bd1a38111a43d039ca8fc48c7f4f2e0690c87584de68a7fbea294131ede56f", "price_changes": [{"asset_id": "41482691478073814716017208822044199448252380821715828076491565117203952087095", "price": "0.13", "size": "7704", "side": "BUY", "hash": "8e85cff32f3873b4e2591e509325b810a8e892e8", "best_bid": "0.15", "best_ask": "0.17"}, {"asset_id": "105492161346754909701985754075408491156648284741611725984306375947661129287082", "price": "0.87", "size": "7704", "side": "SELL", "hash": "12d785fad5ff4b6cbb9b1b1687743489246ee4e1", "best_bid": "0.83", "best_ask": "0.85"}], "timestamp": "1769384512299", "event_type": "price_change"}}
{"_local_timestamp": "2026-01-25T23:41:53.177226+00:00", "data": {"market": "0xe5bd1a38111a43d039ca8fc48c7f4f2e0690c87584de68a7fbea294131ede56f", "price_changes": [{"asset_id": "41482691478073814716017208822044199448252380821715828076491565117203952087095", "price": "0.15", "size": "95", "side": "BUY", "hash": "a4783740a77d1ec1c2593dd84bd36f36dbc9b1f8", "best_bid": "0.15", "best_ask": "0.17"}, {"asset_id": "105492161346754909701985754075408491156648284741611725984306375947661129287082", "price": "0.85", "size": "95", "side": "SELL", "hash": "529a50a7d75d38c437e29ac337cb308529cb1cf0", "best_bid": "0.83", "best_ask": "0.85"}], "timestamp": "1769384512911", "event_type": "price_change"}}
{"_local_timestamp": "2026-01-25T23:41:53.240571+00:00", "data": {"market": "0xe5bd1a38111a43d039ca8fc48c7f4f2e0690c87584de68a7fbea294131ede56f", "price_changes": [{"asset_id": "41482691478073814716017208822044199448252380821715828076491565117203952087095", "price": "0.15", "size": "20095", "side": "BUY", "hash": "e450aca7528cba63383357ef26b50a75108776be", "best_bid": "0.15", "best_ask": "0.17"}, {"asset_id": "105492161346754909701985754075408491156648284741611725984306375947661129287082", "price": "0.85", "size": "20095", "side": "SELL", "hash": "05e1f6ba0959bc6dcb402cd475043ce0776c2dba", "best_bid": "0.83", "best_ask": "0.85"}], "timestamp": "1769384512967", "event_type": "price_change"}}
{"_local_timestamp": "2026-01-25T23:41:53.794418+00:00", "data": {"market": "0xe5bd1a38111a43d039ca8fc48c7f4f2e0690c87584de68a7fbea294131ede56f", "price_changes": [{"asset_id": "41482691478073814716017208822044199448252380821715828076491565117203952087095", "price": "0.13", "size": "7588", "side": "BUY", "hash": "9968bd7966c021e3a9aac4381c8c6c632832aa82", "best_bid": "0.15", "best_ask": "0.17"}, {"asset_id": "105492161346754909701985754075408491156648284741611725984306375947661129287082", "price": "0.87", "size": "7588", "side": "SELL", "hash": "17d4075221986e1b01b5067fdae6c6bb5a174c67", "best_bid": "0.83", "best_ask": "0.85"}], "timestamp": "1769384513725", "event_type": "price_change"}}
{"_local_timestamp": "2026-01-25T23:41:53.818152+00:00", "data": {"market": "0xe5bd1a38111a43d039ca8fc48c7f4f2e0690c87584de68a7fbea294131ede56f", "price_changes": [{"asset_id": "41482691478073814716017208822044199448252380821715828076491565117203952087095", "price": "0.13", "size": "7704", "side": "BUY", "hash": "beb376f68f0e25adbd1801cb4ef984077ad7a002", "best_bid": "0.15", "best_ask": "0.17"}, {"asset_id": "105492161346754909701985754075408491156648284741611725984306375947661129287082", "price": "0.87", "size": "7704", "side": "SELL", "hash": "54a9cdd8899a849cb8871c25da298c6ff4637c2f", "best_bid": "0.83", "best_ask": "0.85"}], "timestamp": "1769384513750", "event_type": "price_change"}}
{"_local_timestamp": "2026-01-25T23:41:55.285830+00:00", "data": {"market": "0xe5bd1a38111a43d039ca8fc48c7f4f2e0690c87584de68a7fbea294131ede56f", "price_changes": [{"asset_id": "41482691478073814716017208822044199448252380821715828076491565117203952087095", "price": "0.13", "size": "7588", "side": "BUY", "hash": "8ce55e46bc7ba37f64965ee8285427033a3e22b8", "best_bid": "0.15", "best_ask": "0.17"}, {"asset_id": "105492161346754909701985754075408491156648284741611725984306375947661129287082", "price": "0.87", "size": "7588", "side": "SELL", "hash": "f6f2e19bc7189b6a2103114510305a76eec98aa5", "best_bid": "0.83", "best_ask": "0.85"}], "timestamp": "1769384515224", "event_type": "price_change"}}
{"_local_timestamp": "2026-01-25T23:41:55.322772+00:00", "data": {"market": "0xe5bd1a38111a43d039ca8fc48c7f4f2e0690c87584de68a7fbea294131ede56f", "price_changes": [{"asset_id": "41482691478073814716017208822044199448252380821715828076491565117203952087095", "price": "0.13", "size": "7704", "side": "BUY", "hash": "da7ab1ed917757fb5cf0e878c572d3d77ecd5809", "best_bid": "0.15", "best_ask": "0.17"}, {"asset_id": "105492161346754909701985754075408491156648284741611725984306375947661129287082", "price": "0.87", "size": "7704", "side": "SELL", "hash": "40c128085798492110962e581636114b3fdbd3c6", "best_bid": "0.83", "best_ask": "0.85"}], "timestamp": "1769384515252", "event_type": "price_change"}}
{"_local_timestamp": "2026-01-25T23:41:56.226404+00:00", "data": {"market": "0xe5bd1a38111a43d039ca8fc48c7f4f2e0690c87584de68a7fbea294131ede56f", "price_changes": [{"asset_id": "41482691478073814716017208822044199448252380821715828076491565117203952087095", "price": "0.15", "size": "95", "side": "BUY", "hash": "f6890f6a479203c96c099a62c3f6394e2fa1c98e", "best_bid": "0.15", "best_ask": "0.17"}, {"asset_id": "105492161346754909701985754075408491156648284741611725984306375947661129287082", "price": "0.85", "size": "95", "side": "SELL", "hash": "3bc37ee35627a0048c671a90f113039ae830948d", "best_bid": "0.83", "best_ask": "0.85"}], "timestamp": "1769384516160", "event_type": "price_change"}}
{"_local_timestamp": "2026-01-25T23:41:56.275946+00:00", "data": {"market": "0xe5bd1a38111a43d039ca8fc48c7f4f2e0690c87584de68a7fbea294131ede56f", "price_changes": [{"asset_id": "41482691478073814716017208822044199448252380821715828076491565117203952087095", "price": "0.15", "size": "20095", "side": "BUY", "hash": "464bcaf77fd03312610ba6660a45115988def635", "best_bid": "0.15", "best_ask": "0.17"}, {"asset_id": "105492161346754909701985754075408491156648284741611725984306375947661129287082", "price": "0.85", "size": "20095", "side": "SELL", "hash": "bf4e8e7c433f8f828991852434d11b433f0de162", "best_bid": "0.83", "best_ask": "0.85"}], "timestamp": "1769384516210", "event_type": "price_change"}}
{"_local_timestamp": "2026-01-25T23:41:56.799092+00:00", "data": {"market": "0xe5bd1a38111a43d039ca8fc48c7f4f2e0690c87584de68a7fbea294131ede56f", "price_changes": [{"asset_id": "41482691478073814716017208822044199448252380821715828076491565117203952087095", "price": "0.13", "size": "7588", "side": "BUY", "hash": "660db9dfb55058cef5602ee785e89b15896f5bbc", "best_bid": "0.15", "best_ask": "0.17"}, {"asset_id": "105492161346754909701985754075408491156648284741611725984306375947661129287082", "price": "0.87", "size": "7588", "side": "SELL", "hash": "ea37f0525846910979e13cb7e9d5bd029f9c197c", "best_bid": "0.83", "best_ask": "0.85"}], "timestamp": "1769384516724", "event_type": "price_change"}}
{"_local_timestamp": "2026-01-25T23:41:56.816977+00:00", "data": {"market": "0xe5bd1a38111a43d039ca8fc48c7f4f2e0690c87584de68a7fbea294131ede56f", "price_changes": [{"asset_id": "41482691478073814716017208822044199448252380821715828076491565117203952087095", "price": "0.13", "size": "7704", "side": "BUY", "hash": "3f6f08756a335f38b06c28ee4dbf073aee7817a1", "best_bid": "0.15", "best_ask": "0.17"}, {"asset_id": "105492161346754909701985754075408491156648284741611725984306375947661129287082", "price": "0.87", "size": "7704", "side": "SELL", "hash": "000df0657e5ea3d02b8a36f871cbad8a3a84b73f", "best_bid": "0.83", "best_ask": "0.85"}], "timestamp": "1769384516755", "event_type": "price_change"}}
{"_local_timestamp": "2026-01-25T23:41:58.291662+00:00", "data": {"market": "0xe5bd1a38111a43d039ca8fc48c7f4f2e0690c87584de68a7fbea294131ede56f", "price_changes": [{"asset_id": "41482691478073814716017208822044199448252380821715828076491565117203952087095", "price": "0.13", "size": "7588", "side": "BUY", "hash": "1a624654a1daa0d5e59d31d0c6bb114c88165fa0", "best_bid": "0.15", "best_ask": "0.17"}, {"asset_id": "105492161346754909701985754075408491156648284741611725984306375947661129287082", "price": "0.87", "size": "7588", "side": "SELL", "hash": "4c2b4e4f80404092e1889772286094b46cc054d9", "best_bid": "0.83", "best_ask": "0.85"}], "timestamp": "1769384518227", "event_type": "price_change"}}
{"_local_timestamp": "2026-01-25T23:41:58.319647+00:00", "data": {"market": "0xe5bd1a38111a43d039ca8fc48c7f4f2e0690c87584de68a7fbea294131ede56f", "price_changes": [{"asset_id": "41482691478073814716017208822044199448252380821715828076491565117203952087095", "price": "0.13", "size": "7704", "side": "BUY", "hash": "5c117f81a889e751342dfa29d7678feae8d6005b", "best_bid": "0.15", "best_ask": "0.17"}, {"asset_id": "105492161346754909701985754075408491156648284741611725984306375947661129287082", "price": "0.87", "size": "7704", "side": "SELL", "hash": "729b55804e854f8b5ce2bf532ab0012f88fd6607", "best_bid": "0.83", "best_ask": "0.85"}], "timestamp": "1769384518254", "event_type": "price_change"}}
{"_local_timestamp": "2026-01-25T23:41:59.477156+00:00", "data": {"market": "0xe5bd1a38111a43d039ca8fc48c7f4f2e0690c87584de68a7fbea294131ede56f", "price_changes": [{"asset_id": "41482691478073814716017208822044199448252380821715828076491565117203952087095", "price": "0.15", "size": "95", "side": "BUY", "hash": "c0e88fe9dbabecabab2046f6982f6e1e5f938516", "best_bid": "0.15", "best_ask": "0.17"}, {"asset_id": "105492161346754909701985754075408491156648284741611725984306375947661129287082", "price": "0.85", "size": "95", "side": "SELL", "hash": "67c57667649eadc0295eb1f6c4b4579a5a4053f1", "best_bid": "0.83", "best_ask": "0.85"}], "timestamp": "1769384519405", "event_type": "price_change"}}
{"_local_timestamp": "2026-01-25T23:41:59.500803+00:00", "data": {"market": "0xe5bd1a38111a43d039ca8fc48c7f4f2e0690c87584de68a7fbea294131ede56f", "price_changes": [{"asset_id": "41482691478073814716017208822044199448252380821715828076491565117203952087095", "price": "0.13", "size": "7588", "side": "BUY", "hash": "74e4b42d784ccb81b76a77800484cbaa10e7794e", "best_bid": "0.15", "best_ask": "0.17"}, {"asset_id": "105492161346754909701985754075408491156648284741611725984306375947661129287082", "price": "0.87", "size": "7588", "side": "SELL", "hash": "ddd66c0ea9e2ee9df5462334b75b04088feecfd9", "best_bid": "0.83", "best_ask": "0.85"}], "timestamp": "1769384519432", "event_type": "price_change"}}
{"_local_timestamp": "2026-01-25T23:41:59.532820+00:00", "data": {"market": "0xe5bd1a38111a43d039ca8fc48c7f4f2e0690c87584de68a7fbea294131ede56f", "price_changes": [{"asset_id": "41482691478073814716017208822044199448252380821715828076491565117203952087095", "price": "0.15", "size": "20095", "side": "BUY", "hash": "cc4c6ac79e3d6099da9a7887bde4b56b7ea9fd69", "best_bid": "0.15", "best_ask": "0.17"}, {"asset_id": "105492161346754909701985754075408491156648284741611725984306375947661129287082", "price": "0.85", "size": "20095", "side": "SELL", "hash": "c27e557988ea9416f3d5d85b925fd0b508271705", "best_bid": "0.83", "best_ask": "0.85"}], "timestamp": "1769384519465", "event_type": "price_change"}}
{"_local_timestamp": "2026-01-25T23:41:59.564075+00:00", "data": {"market": "0xe5bd1a38111a43d039ca8fc48c7f4f2e0690c87584de68a7fbea294131ede56f", "price_changes": [{"asset_id": "41482691478073814716017208822044199448252380821715828076491565117203952087095", "price": "0.13", "size": "7704", "side": "BUY", "hash": "d62aa947b54c0eb991f1fa0315c1153ea41f8b65", "best_bid": "0.15", "best_ask": "0.17"}, {"asset_id": "105492161346754909701985754075408491156648284741611725984306375947661129287082", "price": "0.87", "size": "7704", "side": "SELL", "hash": "b935e843e84bf3eb164ee47cfc271d0220228c3f", "best_bid": "0.83", "best_ask": "0.85"}], "timestamp": "1769384519492", "event_type": "price_change"}}
{"_local_timestamp": "2026-01-25T23:42:00.790529+00:00", "data": {"market": "0xe5bd1a38111a43d039ca8fc48c7f4f2e0690c87584de68a7fbea294131ede56f", "price_changes": [{"asset_id": "41482691478073814716017208822044199448252380821715828076491565117203952087095", "price": "0.13", "size": "7588", "side": "BUY", "hash": "c441b5418572bf3d51ed9a27f9a49ed2b88b7800", "best_bid": "0.15", "best_ask": "0.17"}, {"asset_id": "105492161346754909701985754075408491156648284741611725984306375947661129287082", "price": "0.87", "size": "7588", "side": "SELL", "hash": "7f304fe7db5cc7c62411b07dc864d8afab8494e4", "best_bid": "0.83", "best_ask": "0.85"}], "timestamp": "1769384520725", "event_type": "price_change"}}
{"_local_timestamp": "2026-01-25T23:42:00.819839+00:00", "data": {"market": "0xe5bd1a38111a43d039ca8fc48c7f4f2e0690c87584de68a7fbea294131ede56f", "price_changes": [{"asset_id": "41482691478073814716017208822044199448252380821715828076491565117203952087095", "price": "0.13", "size": "7704", "side": "BUY", "hash": "6b1115897767efd7cccfc93c2dd715471ed081b0", "best_bid": "0.15", "best_ask": "0.17"}, {"asset_id": "105492161346754909701985754075408491156648284741611725984306375947661129287082", "price": "0.87", "size": "7704", "side": "SELL", "hash": "f005da4e14186baa0577ae576f7a8d08395d43e8", "best_bid": "0.83", "best_ask": "0.85"}], "timestamp": "1769384520750", "event_type": "price_change"}}
{"_local_timestamp": "2026-01-25T23:42:02.290359+00:00", "data": {"market": "0xe5bd1a38111a43d039ca8fc48c7f4f2e0690c87584de68a7fbea294131ede56f", "price_changes": [{"asset_id": "41482691478073814716017208822044199448252380821715828076491565117203952087095", "price": "0.13", "size": "7588", "side": "BUY", "hash": "a8968be1d4b512c2e7d03c5f296625b2199ed28f", "best_bid": "0.15", "best_ask": "0.17"}, {"asset_id": "105492161346754909701985754075408491156648284741611725984306375947661129287082", "price": "0.87", "size": "7588", "side": "SELL", "hash": "294902c9a241b80b4f463272cf5c64f28e52c586", "best_bid": "0.83", "best_ask": "0.85"}], "timestamp": "1769384522227", "event_type": "price_change"}}
{"_local_timestamp": "2026-01-25T23:42:02.316064+00:00", "data": {"market": "0xe5bd1a38111a43d039ca8fc48c7f4f2e0690c87584de68a7fbea294131ede56f", "price_changes": [{"asset_id": "41482691478073814716017208822044199448252380821715828076491565117203952087095", "price": "0.13", "size": "7704", "side": "BUY", "hash": "74ec520498a0201cbd8f70eb713bec215f73e335", "best_bid": "0.15", "best_ask": "0.17"}, {"asset_id": "105492161346754909701985754075408491156648284741611725984306375947661129287082", "price": "0.87", "size": "7704", "side": "SELL", "hash": "4236b8591846069ece341e9159a3e747456c490e", "best_bid": "0.83", "best_ask": "0.85"}], "timestamp": "1769384522252", "event_type": "price_change"}}
{"_local_timestamp": "2026-01-25T23:42:02.730256+00:00", "data": {"market": "0xe5bd1a38111a43d039ca8fc48c7f4f2e0690c87584de68a7fbea294131ede56f", "price_changes": [{"asset_id": "41482691478073814716017208822044199448252380821715828076491565117203952087095", "price": "0.15", "size": "95", "side": "BUY", "hash": "853a0f914616d4e6a5b934a03e5b4dc7055ddec3", "best_bid": "0.15", "best_ask": "0.17"}, {"asset_id": "105492161346754909701985754075408491156648284741611725984306375947661129287082", "price": "0.85", "size": "95", "side": "SELL", "hash": "94c3f75e4386059cc907f2daf73ce82c9ef7de7e", "best_bid": "0.83", "best_ask": "0.85"}], "timestamp": "1769384522660", "event_type": "price_change"}}
{"_local_timestamp": "2026-01-25T23:42:02.787723+00:00", "data": {"market": "0xe5bd1a38111a43d039ca8fc48c7f4f2e0690c87584de68a7fbea294131ede56f", "price_changes": [{"asset_id": "41482691478073814716017208822044199448252380821715828076491565117203952087095", "price": "0.15", "size": "20095", "side": "BUY", "hash": "6041efc57939e3b41db4f63d39ba27c12f3f290b", "best_bid": "0.15", "best_ask": "0.17"}, {"asset_id": "105492161346754909701985754075408491156648284741611725984306375947661129287082", "price": "0.85", "size": "20095", "side": "SELL", "hash": "a8316809eb0c2aa9489ca06f7f2cca3bdc58b7f2", "best_bid": "0.83", "best_ask": "0.85"}], "timestamp": "1769384522715", "event_type": "price_change"}}
{"_local_timestamp": "2026-01-25T23:42:03.791396+00:00", "data": {"market": "0xe5bd1a38111a43d039ca8fc48c7f4f2e0690c87584de68a7fbea294131ede56f", "price_changes": [{"asset_id": "41482691478073814716017208822044199448252380821715828076491565117203952087095", "price": "0.13", "size": "7588", "side": "BUY", "hash": "0a652ca9c36f6edd540c30ef9c7b5f148bc34568", "best_bid": "0.15", "best_ask": "0.17"}, {"asset_id": "105492161346754909701985754075408491156648284741611725984306375947661129287082", "price": "0.87", "size": "7588", "side": "SELL", "hash": "304bbafe71cb24876338c6900e5bc1592ba86a78", "best_bid": "0.83", "best_ask": "0.85"}], "timestamp": "1769384523729", "event_type": "price_change"}}
{"_local_timestamp": "2026-01-25T23:42:03.825257+00:00", "data": {"market": "0xe5bd1a38111a43d039ca8fc48c7f4f2e0690c87584de68a7fbea294131ede56f", "price_changes": [{"asset_id": "41482691478073814716017208822044199448252380821715828076491565117203952087095", "price": "0.13", "size": "7704", "side": "BUY", "hash": "217e35f28932720941793e08009aa7c5fc9ba641", "best_bid": "0.15", "best_ask": "0.17"}, {"asset_id": "105492161346754909701985754075408491156648284741611725984306375947661129287082", "price": "0.87", "size": "7704", "side": "SELL", "hash": "c5c5484d3081c67fa3b36627176afe52d25986aa", "best_bid": "0.83", "best_ask": "0.85"}], "timestamp": "1769384523756", "event_type": "price_change"}}
{"_local_timestamp": "2026-01-25T23:42:05.292549+00:00", "data": {"market": "0xe5bd1a38111a43d039ca8fc48c7f4f2e0690c87584de68a7fbea294131ede56f", "price_changes": [{"asset_id": "41482691478073814716017208822044199448252380821715828076491565117203952087095", "price": "0.13", "size": "7588", "side": "BUY", "hash": "523e700d18fda63b0d713ddbc0121f461a967bf9", "best_bid": "0.15", "best_ask": "0.17"}, {"asset_id": "105492161346754909701985754075408491156648284741611725984306375947661129287082", "price": "0.87", "size": "7588", "side": "SELL", "hash": "7e7aeafc8fb959d0c3abd30650e0d9d2d38ea206", "best_bid": "0.83", "best_ask": "0.85"}], "timestamp": "1769384525225", "event_type": "price_change"}}
{"_local_timestamp": "2026-01-25T23:42:05.312390+00:00", "data": {"market": "0xe5bd1a38111a43d039ca8fc48c7f4f2e0690c87584de68a7fbea294131ede56f", "price_changes": [{"asset_id": "41482691478073814716017208822044199448252380821715828076491565117203952087095", "price": "0.13", "size": "7704", "side": "BUY", "hash": "dad28d7c6768ed6b7d9cd3a080605326e16dfe4d", "best_bid": "0.15", "best_ask": "0.17"}, {"asset_id": "105492161346754909701985754075408491156648284741611725984306375947661129287082", "price": "0.87", "size": "7704", "side": "SELL", "hash": "533473cab06f9caf24d0c7c7f9f3112d0e76053b", "best_bid": "0.83", "best_ask": "0.85"}], "timestamp": "1769384525249", "event_type": "price_change"}}
{"_local_timestamp": "2026-01-25T23:42:05.970199+00:00", "data": {"market": "0xe5bd1a38111a43d039ca8fc48c7f4f2e0690c87584de68a7fbea294131ede56f", "price_changes": [{"asset_id": "41482691478073814716017208822044199448252380821715828076491565117203952087095", "price": "0.15", "size": "95", "side": "BUY", "hash": "efb2f6d793040f86b2f6cefbdd329788173cea77", "best_bid": "0.15", "best_ask": "0.17"}, {"asset_id": "105492161346754909701985754075408491156648284741611725984306375947661129287082", "price": "0.85", "size": "95", "side": "SELL", "hash": "758fb17f0447c83b0822219a60c0bd6f163e407b", "best_bid": "0.83", "best_ask": "0.85"}], "timestamp": "1769384525905", "event_type": "price_change"}}
{"_local_timestamp": "2026-01-25T23:42:06.035383+00:00", "data": {"market": "0xe5bd1a38111a43d039ca8fc48c7f4f2e0690c87584de68a7fbea294131ede56f", "price_changes": [{"asset_id": "41482691478073814716017208822044199448252380821715828076491565117203952087095", "price": "0.15", "size": "20095", "side": "BUY", "hash": "428932d8969722a5b4ab945785322180218164ca", "best_bid": "0.15", "best_ask": "0.17"}, {"asset_id": "105492161346754909701985754075408491156648284741611725984306375947661129287082", "price": "0.85", "size": "20095", "side": "SELL", "hash": "1e9cd53a95e104bb1f23d6f5273c3b3c8930a8be", "best_bid": "0.83", "best_ask": "0.85"}], "timestamp": "1769384525970", "event_type": "price_change"}}
{"_local_timestamp": "2026-01-25T23:42:06.800253+00:00", "data": {"market": "0xe5bd1a38111a43d039ca8fc48c7f4f2e0690c87584de68a7fbea294131ede56f", "price_changes": [{"asset_id": "41482691478073814716017208822044199448252380821715828076491565117203952087095", "price": "0.13", "size": "7588", "side": "BUY", "hash": "0bea7a1fdf9d4a00f893f5aa89900e3d709b9b6e", "best_bid": "0.15", "best_ask": "0.17"}, {"asset_id": "105492161346754909701985754075408491156648284741611725984306375947661129287082", "price": "0.87", "size": "7588", "side": "SELL", "hash": "d52cbec862c438c94dafb1ed94a2630d7d0b4a3e", "best_bid": "0.83", "best_ask": "0.85"}], "timestamp": "1769384526734", "event_type": "price_change"}}
{"_local_timestamp": "2026-01-25T23:42:06.827026+00:00", "data": {"market": "0xe5bd1a38111a43d039ca8fc48c7f4f2e0690c87584de68a7fbea294131ede56f", "price_changes": [{"asset_id": "41482691478073814716017208822044199448252380821715828076491565117203952087095", "price": "0.13", "size": "7704", "side": "BUY", "hash": "bc0a06758f59dcf114086569e4764281bdc8dd90", "best_bid": "0.15", "best_ask": "0.17"}, {"asset_id": "105492161346754909701985754075408491156648284741611725984306375947661129287082", "price": "0.87", "size": "7704", "side": "SELL", "hash": "7270f98c5bf3df67f79cd75d6f0bdfb350a3b192", "best_bid": "0.83", "best_ask": "0.85"}], "timestamp": "1769384526761", "event_type": "price_change"}}
{"_local_timestamp": "2026-01-25T23:42:08.293630+00:00", "data": {"market": "0xe5bd1a38111a43d039ca8fc48c7f4f2e0690c87584de68a7fbea294131ede56f", "price_changes": [{"asset_id": "41482691478073814716017208822044199448252380821715828076491565117203952087095", "price": "0.13", "size": "7588", "side": "BUY", "hash": "dfa5ecddce1ba5801481fb3781ffee1851853e03", "best_bid": "0.15", "best_ask": "0.17"}, {"asset_id": "105492161346754909701985754075408491156648284741611725984306375947661129287082", "price": "0.87", "size": "7588", "side": "SELL", "hash": "20c92dc67221ede57cb66ef516cab65634eb70d4", "best_bid": "0.83", "best_ask": "0.85"}], "timestamp": "1769384528224", "event_type": "price_change"}}
{"_local_timestamp": "2026-01-25T23:42:08.332864+00:00", "data": {"market": "0xe5bd1a38111a43d039ca8fc48c7f4f2e0690c87584de68a7fbea294131ede56f", "price_changes": [{"asset_id": "41482691478073814716017208822044199448252380821715828076491565117203952087095", "price": "0.13", "size": "7704", "side": "BUY", "hash": "73c74ce6a04a033ce4b727dbe84f686a17563bd6", "best_bid": "0.15", "best_ask": "0.17"}, {"asset_id": "105492161346754909701985754075408491156648284741611725984306375947661129287082", "price": "0.87", "size": "7704", "side": "SELL", "hash": "a4572c8bc442d94bc1cd99feba441911a31f60a1", "best_bid": "0.83", "best_ask": "0.85"}], "timestamp": "1769384528258", "event_type": "price_change"}}
{"_local_timestamp": "2026-01-25T23:42:09.100798+00:00", "data": {"market": "0xe5bd1a38111a43d039ca8fc48c7f4f2e0690c87584de68a7fbea294131ede56f", "price_changes": [{"asset_id": "41482691478073814716017208822044199448252380821715828076491565117203952087095", "price": "0.9", "size": "29.37", "side": "SELL", "hash": "082c1a004e7294d1f3aa92799f0e01efd110849a", "best_bid": "0.15", "best_ask": "0.17"}, {"asset_id": "105492161346754909701985754075408491156648284741611725984306375947661129287082", "price": "0.1", "size": "29.37", "side": "BUY", "hash": "e2b68af82f21e7a2eaf4101856f88f9de4c53bb9", "best_bid": "0.83", "best_ask": "0.85"}], "timestamp": "1769384529028", "event_type": "price_change"}}
{"_local_timestamp": "2026-01-25T23:42:09.244540+00:00", "data": {"market": "0xe5bd1a38111a43d039ca8fc48c7f4f2e0690c87584de68a7fbea294131ede56f", "price_changes": [{"asset_id": "41482691478073814716017208822044199448252380821715828076491565117203952087095", "price": "0.15", "size": "95", "side": "BUY", "hash": "9c98f82513e0d4e281df212684ba0d6b16e11a84", "best_bid": "0.15", "best_ask": "0.17"}, {"asset_id": "105492161346754909701985754075408491156648284741611725984306375947661129287082", "price": "0.85", "size": "95", "side": "SELL", "hash": "c748e6b2ed79f20e50061094c777148017109416", "best_bid": "0.83", "best_ask": "0.85"}], "timestamp": "1769384529176", "event_type": "price_change"}}
{"_local_timestamp": "2026-01-25T23:42:09.292092+00:00", "data": {"market": "0xe5bd1a38111a43d039ca8fc48c7f4f2e0690c87584de68a7fbea294131ede56f", "price_changes": [{"asset_id": "41482691478073814716017208822044199448252380821715828076491565117203952087095", "price": "0.15", "size": "20095", "side": "BUY", "hash": "e7a1b659d83e58d342e4665a136f8869006bfaf9", "best_bid": "0.15", "best_ask": "0.17"}, {"asset_id": "105492161346754909701985754075408491156648284741611725984306375947661129287082", "price": "0.85", "size": "20095", "side": "SELL", "hash": "b96316d4dad6370d7b211da8b518fed3a641ed11", "best_bid": "0.83", "best_ask": "0.85"}], "timestamp": "1769384529227", "event_type": "price_change"}}
{"_local_timestamp": "2026-01-25T23:42:09.798946+00:00", "data": {"market": "0xe5bd1a38111a43d039ca8fc48c7f4f2e0690c87584de68a7fbea294131ede56f", "price_changes": [{"asset_id": "41482691478073814716017208822044199448252380821715828076491565117203952087095", "price": "0.13", "size": "7588", "side": "BUY", "hash": "b6b2b7071f1621cb4573ad011cdae6eff2fe8a4c", "best_bid": "0.15", "best_ask": "0.17"}, {"asset_id": "105492161346754909701985754075408491156648284741611725984306375947661129287082", "price": "0.87", "size": "7588", "side": "SELL", "hash": "9e7d42b5294541e3c4909f368d7043c96c3b92c0", "best_bid": "0.83", "best_ask": "0.85"}], "timestamp": "1769384529726", "event_type": "price_change"}}
{"_local_timestamp": "2026-01-25T23:42:09.820023+00:00", "data": {"market": "0xe5bd1a38111a43d039ca8fc48c7f4f2e0690c87584de68a7fbea294131ede56f", "price_changes": [{"asset_id": "41482691478073814716017208822044199448252380821715828076491565117203952087095", "price": "0.13", "size": "7704", "side": "BUY", "hash": "a2926e7a8d344f71813964eb40fc7cf0128958c7", "best_bid": "0.15", "best_ask": "0.17"}, {"asset_id": "105492161346754909701985754075408491156648284741611725984306375947661129287082", "price": "0.87", "size": "7704", "side": "SELL", "hash": "ffaa5165209ba2d5156ba3d84105afa35e1efdeb", "best_bid": "0.83", "best_ask": "0.85"}], "timestamp": "1769384529752", "event_type": "price_change"}}
{"_local_timestamp": "2026-01-25T23:42:11.291266+00:00", "data": {"market": "0xe5bd1a38111a43d039ca8fc48c7f4f2e0690c87584de68a7fbea294131ede56f", "price_changes": [{"asset_id": "41482691478073814716017208822044199448252380821715828076491565117203952087095", "price": "0.13", "size": "7588", "side": "BUY", "hash": "8e94c1bbd2bd873dc195a1ff2f7f9c26fd3e6386", "best_bid": "0.15", "best_ask": "0.17"}, {"asset_id": "105492161346754909701985754075408491156648284741611725984306375947661129287082", "price": "0.87", "size": "7588", "side": "SELL", "hash": "8e43f3502b106a5a0beb98e8fabc7346bb9a4cae", "best_bid": "0.83", "best_ask": "0.85"}], "timestamp": "1769384531224", "event_type": "price_change"}}
{"_local_timestamp": "2026-01-25T23:42:11.322305+00:00", "data": {"market": "0xe5bd1a38111a43d039ca8fc48c7f4f2e0690c87584de68a7fbea294131ede56f", "price_changes": [{"asset_id": "41482691478073814716017208822044199448252380821715828076491565117203952087095", "price": "0.13", "size": "7704", "side": "BUY", "hash": "b036371b40f0a664fcce919e223d4e5af7256215", "best_bid": "0.15", "best_ask": "0.17"}, {"asset_id": "105492161346754909701985754075408491156648284741611725984306375947661129287082", "price": "0.87", "size": "7704", "side": "SELL", "hash": "4143d41a26e3768853dc43bf862615a677de8420", "best_bid": "0.83", "best_ask": "0.85"}], "timestamp": "1769384531250", "event_type": "price_change"}}
{"_local_timestamp": "2026-01-25T23:42:12.218456+00:00", "data": {"market": "0xe5bd1a38111a43d039ca8fc48c7f4f2e0690c87584de68a7fbea294131ede56f", "price_changes": [{"asset_id": "41482691478073814716017208822044199448252380821715828076491565117203952087095", "price": "0.15", "size": "95", "side": "BUY", "hash": "c2e1718fa31142c3345617169d5d71534ec75482", "best_bid": "0.15", "best_ask": "0.17"}, {"asset_id": "105492161346754909701985754075408491156648284741611725984306375947661129287082", "price": "0.85", "size": "95", "side": "SELL", "hash": "5978bde6d0623761494e57173370957d61e9ca76", "best_bid": "0.83", "best_ask": "0.85"}], "timestamp": "1769384532153", "event_type": "price_change"}}
{"_local_timestamp": "2026-01-25T23:42:12.274494+00:00", "data": {"market": "0xe5bd1a38111a43d039ca8fc48c7f4f2e0690c87584de68a7fbea294131ede56f", "price_changes": [{"asset_id": "41482691478073814716017208822044199448252380821715828076491565117203952087095", "price": "0.15", "size": "20095", "side": "BUY", "hash": "64093520fdbea16e7a4817b3d19615674786839d", "best_bid": "0.15", "best_ask": "0.17"}, {"asset_id": "105492161346754909701985754075408491156648284741611725984306375947661129287082", "price": "0.85", "size": "20095", "side": "SELL", "hash": "cd51b3f08385d780623fc3948c55ef98c83b0df5", "best_bid": "0.83", "best_ask": "0.85"}], "timestamp": "1769384532212", "event_type": "price_change"}}
{"_local_timestamp": "2026-01-25T23:42:12.790880+00:00", "data": {"market": "0xe5bd1a38111a43d039ca8fc48c7f4f2e0690c87584de68a7fbea294131ede56f", "price_changes": [{"asset_id": "41482691478073814716017208822044199448252380821715828076491565117203952087095", "price": "0.13", "size": "7588", "side": "BUY", "hash": "e7281a10d68c2e6cf36a17616e070728c7f1ed6b", "best_bid": "0.15", "best_ask": "0.17"}, {"asset_id": "105492161346754909701985754075408491156648284741611725984306375947661129287082", "price": "0.87", "size": "7588", "side": "SELL", "hash": "0b6a1cf5e4760d44cd328d275d665afbdabb6272", "best_bid": "0.83", "best_ask": "0.85"}], "timestamp": "1769384532727", "event_type": "price_change"}}
{"_local_timestamp": "2026-01-25T23:42:12.816985+00:00", "data": {"market": "0xe5bd1a38111a43d039ca8fc48c7f4f2e0690c87584de68a7fbea294131ede56f", "price_changes": [{"asset_id": "41482691478073814716017208822044199448252380821715828076491565117203952087095", "price": "0.13", "size": "7704", "side": "BUY", "hash": "a543bbc58349694c451fd84cd35d9b37cb71fec2", "best_bid": "0.15", "best_ask": "0.17"}, {"asset_id": "105492161346754909701985754075408491156648284741611725984306375947661129287082", "price": "0.87", "size": "7704", "side": "SELL", "hash": "ecef262052cab34b2188f600dca38db68fbf3974", "best_bid": "0.83", "best_ask": "0.85"}], "timestamp": "1769384532751", "event_type": "price_change"}}
{"_local_timestamp": "2026-01-25T23:42:14.302136+00:00", "data": {"market": "0xe5bd1a38111a43d039ca8fc48c7f4f2e0690c87584de68a7fbea294131ede56f", "price_changes": [{"asset_id": "41482691478073814716017208822044199448252380821715828076491565117203952087095", "price": "0.13", "size": "7588", "side": "BUY", "hash": "8f9c28af9d255f5f47328c10e360cff59787b1fc", "best_bid": "0.15", "best_ask": "0.17"}, {"asset_id": "105492161346754909701985754075408491156648284741611725984306375947661129287082", "price": "0.87", "size": "7588", "side": "SELL", "hash": "92bd92872700d12329ea56bc1914cce384cf3111", "best_bid": "0.83", "best_ask": "0.85"}], "timestamp": "1769384534226", "event_type": "price_change"}}
{"_local_timestamp": "2026-01-25T23:42:14.325273+00:00", "data": {"market": "0xe5bd1a38111a43d039ca8fc48c7f4f2e0690c87584de68a7fbea294131ede56f", "price_changes": [{"asset_id": "41482691478073814716017208822044199448252380821715828076491565117203952087095", "price": "0.13", "size": "7704", "side": "BUY", "hash": "e2c955ef54d922edb68d9a6834402c50e8931921", "best_bid": "0.15", "best_ask": "0.17"}, {"asset_id": "105492161346754909701985754075408491156648284741611725984306375947661129287082", "price": "0.87", "size": "7704", "side": "SELL", "hash": "660090af444cbee2e5503562f6b3960c31a58992", "best_bid": "0.83", "best_ask": "0.85"}], "timestamp": "1769384534252", "event_type": "price_change"}}
{"_local_timestamp": "2026-01-25T23:42:15.341431+00:00", "data": {"market": "0xe5bd1a38111a43d039ca8fc48c7f4f2e0690c87584de68a7fbea294131ede56f", "price_changes": [{"asset_id": "41482691478073814716017208822044199448252380821715828076491565117203952087095", "price": "0.15", "size": "95", "side": "BUY", "hash": "b59a7289772fa7dd15ae1c10881bde3af646439a", "best_bid": "0.15", "best_ask": "0.17"}, {"asset_id": "105492161346754909701985754075408491156648284741611725984306375947661129287082", "price": "0.85", "size": "95", "side": "SELL", "hash": "717801093563453a0a0666bda174cb1463ed5b71", "best_bid": "0.83", "best_ask": "0.85"}], "timestamp": "1769384535228", "event_type": "price_change"}}
{"_local_timestamp": "2026-01-25T23:42:15.375972+00:00", "data": {"market": "0xe5bd1a38111a43d039ca8fc48c7f4f2e0690c87584de68a7fbea294131ede56f", "price_changes": [{"asset_id": "41482691478073814716017208822044199448252380821715828076491565117203952087095", "price": "0.15", "size": "20095", "side": "BUY", "hash": "2d0de24388952781888e940bff0fcf830d5b333c", "best_bid": "0.15", "best_ask": "0.17"}, {"asset_id": "105492161346754909701985754075408491156648284741611725984306375947661129287082", "price": "0.85", "size": "20095", "side": "SELL", "hash": "36a364c742565d9e09c7b843bddb1f026bdd6b16", "best_bid": "0.83", "best_ask": "0.85"}], "timestamp": "1769384535283", "event_type": "price_change"}}
{"_local_timestamp": "2026-01-25T23:42:15.380624+00:00", "data": {"market": "0xe5bd1a38111a43d039ca8fc48c7f4f2e0690c87584de68a7fbea294131ede56f", "price_changes": [{"asset_id": "41482691478073814716017208822044199448252380821715828076491565117203952087095", "price": "0.13", "size": "7588", "side": "BUY", "hash": "fbade1bdff9bce08ed3739058478e4f1763c8209", "best_bid": "0.15", "best_ask": "0.17"}, {"asset_id": "105492161346754909701985754075408491156648284741611725984306375947661129287082", "price": "0.87", "size": "7588", "side": "SELL", "hash": "62423f763714646d21a544c98bb2522714a1a384", "best_bid": "0.83", "best_ask": "0.85"}], "timestamp": "1769384535287", "event_type": "price_change"}}
{"_local_timestamp": "2026-01-25T23:42:15.410329+00:00", "data": {"market": "0xe5bd1a38111a43d039ca8fc48c7f4f2e0690c87584de68a7fbea294131ede56f", "price_changes": [{"asset_id": "41482691478073814716017208822044199448252380821715828076491565117203952087095", "price": "0.13", "size": "7704", "side": "BUY", "hash": "e31754b4807239a1e8445210b2dce2ad794f6b98", "best_bid": "0.15", "best_ask": "0.17"}, {"asset_id": "105492161346754909701985754075408491156648284741611725984306375947661129287082", "price": "0.87", "size": "7704", "side": "SELL", "hash": "b51b306da61bdd388fbb85d4fdbc37a8abc0aba2", "best_bid": "0.83", "best_ask": "0.85"}], "timestamp": "1769384535322", "event_type": "price_change"}}
{"_local_timestamp": "2026-01-25T23:42:16.820839+00:00", "data": {"market": "0xe5bd1a38111a43d039ca8fc48c7f4f2e0690c87584de68a7fbea294131ede56f", "price_changes": [{"asset_id": "41482691478073814716017208822044199448252380821715828076491565117203952087095", "price": "0.13", "size": "7588", "side": "BUY", "hash": "60104cd1b0ffd238360c702f7a6d69cb4030f953", "best_bid": "0.15", "best_ask": "0.17"}, {"asset_id": "105492161346754909701985754075408491156648284741611725984306375947661129287082", "price": "0.87", "size": "7588", "side": "SELL", "hash": "647efb201c2dd16a895b74f16d68ba5a83e9e129", "best_bid": "0.83", "best_ask": "0.85"}], "timestamp": "1769384536726", "event_type": "price_change"}}
{"_local_timestamp": "2026-01-25T23:42:16.855507+00:00", "data": {"market": "0xe5bd1a38111a43d039ca8fc48c7f4f2e0690c87584de68a7fbea294131ede56f", "price_changes": [{"asset_id": "41482691478073814716017208822044199448252380821715828076491565117203952087095", "price": "0.13", "size": "7704", "side": "BUY", "hash": "9ffbf15c4661be78cf17e26a05fe8e6ce7da29c9", "best_bid": "0.15", "best_ask": "0.17"}, {"asset_id": "105492161346754909701985754075408491156648284741611725984306375947661129287082", "price": "0.87", "size": "7704", "side": "SELL", "hash": "81e57144b9bbde5e3d1c325b6cb1ff1f1e6f3213", "best_bid": "0.83", "best_ask": "0.85"}], "timestamp": "1769384536753", "event_type": "price_change"}}
{"_local_timestamp": "2026-01-25T23:42:18.344438+00:00", "data": {"market": "0xe5bd1a38111a43d039ca8fc48c7f4f2e0690c87584de68a7fbea294131ede56f", "price_changes": [{"asset_id": "41482691478073814716017208822044199448252380821715828076491565117203952087095", "price": "0.13", "size": "7588", "side": "BUY", "hash": "09389aea1678a226a62427ee021269a42d376e7b", "best_bid": "0.15", "best_ask": "0.17"}, {"asset_id": "105492161346754909701985754075408491156648284741611725984306375947661129287082", "price": "0.87", "size": "7588", "side": "SELL", "hash": "d4c967631d62d483cabdf648e1f4f02317d0d4be", "best_bid": "0.83", "best_ask": "0.85"}], "timestamp": "1769384538233", "event_type": "price_change"}}
{"_local_timestamp": "2026-01-25T23:42:18.367831+00:00", "data": {"market": "0xe5bd1a38111a43d039ca8fc48c7f4f2e0690c87584de68a7fbea294131ede56f", "price_changes": [{"asset_id": "41482691478073814716017208822044199448252380821715828076491565117203952087095", "price": "0.13", "size": "7704", "side": "BUY", "hash": "a188ab095e4f53e0cbc4b466dd3f25868fe5804f", "best_bid": "0.15", "best_ask": "0.17"}, {"asset_id": "105492161346754909701985754075408491156648284741611725984306375947661129287082", "price": "0.87", "size": "7704", "side": "SELL", "hash": "71ad188e3c2202ed142ec487a0ffaca4e730586b", "best_bid": "0.83", "best_ask": "0.85"}], "timestamp": "1769384538260", "event_type": "price_change"}}
{"_local_timestamp": "2026-01-25T23:42:18.508253+00:00", "data": {"market": "0xe5bd1a38111a43d039ca8fc48c7f4f2e0690c87584de68a7fbea294131ede56f", "price_changes": [{"asset_id": "41482691478073814716017208822044199448252380821715828076491565117203952087095", "price": "0.15", "size": "95", "side": "BUY", "hash": "14fc30722785f62048ddb25a56f567b1e460bda4", "best_bid": "0.15", "best_ask": "0.17"}, {"asset_id": "105492161346754909701985754075408491156648284741611725984306375947661129287082", "price": "0.85", "size": "95", "side": "SELL", "hash": "b8ea42fc444ded1037702673216ebfaf91043cd5", "best_bid": "0.83", "best_ask": "0.85"}], "timestamp": "1769384538401", "event_type": "price_change"}}
{"_local_timestamp": "2026-01-25T23:42:18.564023+00:00", "data": {"market": "0xe5bd1a38111a43d039ca8fc48c7f4f2e0690c87584de68a7fbea294131ede56f", "price_changes": [{"asset_id": "41482691478073814716017208822044199448252380821715828076491565117203952087095", "price": "0.15", "size": "20095", "side": "BUY", "hash": "feb167136d606b7bc2766d831e26bbe5dd86d621", "best_bid": "0.15", "best_ask": "0.17"}, {"asset_id": "105492161346754909701985754075408491156648284741611725984306375947661129287082", "price": "0.85", "size": "20095", "side": "SELL", "hash": "eab6154328312c442ff1c46a652b4be0b9a55e6f", "best_bid": "0.83", "best_ask": "0.85"}], "timestamp": "1769384538452", "event_type": "price_change"}}
{"_local_timestamp": "2026-01-25T23:42:19.852722+00:00", "data": {"market": "0xe5bd1a38111a43d039ca8fc48c7f4f2e0690c87584de68a7fbea294131ede56f", "price_changes": [{"asset_id": "41482691478073814716017208822044199448252380821715828076491565117203952087095", "price": "0.13", "size": "7588", "side": "BUY", "hash": "8447c0c38ffb631ee2c7e706f037e5efba9e4b4b", "best_bid": "0.15", "best_ask": "0.17"}, {"asset_id": "105492161346754909701985754075408491156648284741611725984306375947661129287082", "price": "0.87", "size": "7588", "side": "SELL", "hash": "4404e5c35078e69610cd3ba805c100fdd56153bb", "best_bid": "0.83", "best_ask": "0.85"}], "timestamp": "1769384539731", "event_type": "price_change"}}
{"_local_timestamp": "2026-01-25T23:42:19.875604+00:00", "data": {"market": "0xe5bd1a38111a43d039ca8fc48c7f4f2e0690c87584de68a7fbea294131ede56f", "price_changes": [{"asset_id": "41482691478073814716017208822044199448252380821715828076491565117203952087095", "price": "0.13", "size": "7704", "side": "BUY", "hash": "556bfa12bd6a53e9a7d1a5b4d3d5058b3a1d49e0", "best_bid": "0.15", "best_ask": "0.17"}, {"asset_id": "105492161346754909701985754075408491156648284741611725984306375947661129287082", "price": "0.87", "size": "7704", "side": "SELL", "hash": "26467b85ca022b5834621e4d544ef434508ce268", "best_bid": "0.83", "best_ask": "0.85"}], "timestamp": "1769384539759", "event_type": "price_change"}}
{"_local_timestamp": "2026-01-25T23:42:21.347770+00:00", "data": {"market": "0xe5bd1a38111a43d039ca8fc48c7f4f2e0690c87584de68a7fbea294131ede56f", "price_changes": [{"asset_id": "41482691478073814716017208822044199448252380821715828076491565117203952087095", "price": "0.13", "size": "7588", "side": "BUY", "hash": "e29a6475a60c774290219aac9a7cc50e0d9b933e", "best_bid": "0.15", "best_ask": "0.17"}, {"asset_id": "105492161346754909701985754075408491156648284741611725984306375947661129287082", "price": "0.87", "size": "7588", "side": "SELL", "hash": "839b2a4569b3bcecc9d81b75de18624264fbd13b", "best_bid": "0.83", "best_ask": "0.85"}], "timestamp": "1769384541227", "event_type": "price_change"}}
{"_local_timestamp": "2026-01-25T23:42:21.382302+00:00", "data": {"market": "0xe5bd1a38111a43d039ca8fc48c7f4f2e0690c87584de68a7fbea294131ede56f", "price_changes": [{"asset_id": "41482691478073814716017208822044199448252380821715828076491565117203952087095", "price": "0.13", "size": "7704", "side": "BUY", "hash": "e86287c49c5f4f0b3bcd05174c4e39a35af47385", "best_bid": "0.15", "best_ask": "0.17"}, {"asset_id": "105492161346754909701985754075408491156648284741611725984306375947661129287082", "price": "0.87", "size": "7704", "side": "SELL", "hash": "32f4eff2d4531e50cb182bed2025f14c96ec553a", "best_bid": "0.83", "best_ask": "0.85"}], "timestamp": "1769384541257", "event_type": "price_change"}}
{"_local_timestamp": "2026-01-25T23:42:21.530423+00:00", "data": {"market": "0xe5bd1a38111a43d039ca8fc48c7f4f2e0690c87584de68a7fbea294131ede56f", "price_changes": [{"asset_id": "41482691478073814716017208822044199448252380821715828076491565117203952087095", "price": "0.15", "size": "95", "side": "BUY", "hash": "04ce28afde83181613c74786ae54b77dfc58f119", "best_bid": "0.15", "best_ask": "0.17"}, {"asset_id": "105492161346754909701985754075408491156648284741611725984306375947661129287082", "price": "0.85", "size": "95", "side": "SELL", "hash": "34bba402cafc77c3fd7eb6b85f8184d1eaa32e89", "best_bid": "0.83", "best_ask": "0.85"}], "timestamp": "1769384541410", "event_type": "price_change"}}
{"_local_timestamp": "2026-01-25T23:42:21.648184+00:00", "data": {"market": "0xe5bd1a38111a43d039ca8fc48c7f4f2e0690c87584de68a7fbea294131ede56f", "price_changes": [{"asset_id": "41482691478073814716017208822044199448252380821715828076491565117203952087095", "price": "0.15", "size": "20095", "side": "BUY", "hash": "38c423cde92c41578a1d0358bbfd1bd720715408", "best_bid": "0.15", "best_ask": "0.17"}, {"asset_id": "105492161346754909701985754075408491156648284741611725984306375947661129287082", "price": "0.85", "size": "20095", "side": "SELL", "hash": "89fe3fee2d9a78d3f02e7e1955a8ea70825f44e4", "best_bid": "0.83", "best_ask": "0.85"}], "timestamp": "1769384541523", "event_type": "price_change"}}
{"_local_timestamp": "2026-01-25T23:42:22.860141+00:00", "data": {"market": "0xe5bd1a38111a43d039ca8fc48c7f4f2e0690c87584de68a7fbea294131ede56f", "price_changes": [{"asset_id": "41482691478073814716017208822044199448252380821715828076491565117203952087095", "price": "0.13", "size": "7588", "side": "BUY", "hash": "5e3aadd5f4e2a4f509c735e396acc82fb773433b", "best_bid": "0.15", "best_ask": "0.17"}, {"asset_id": "105492161346754909701985754075408491156648284741611725984306375947661129287082", "price": "0.87", "size": "7588", "side": "SELL", "hash": "9da990b7b9ea5a6f5e5cb01f6ad25548ec83c9e0", "best_bid": "0.83", "best_ask": "0.85"}], "timestamp": "1769384542735", "event_type": "price_change"}}
{"_local_timestamp": "2026-01-25T23:42:22.891544+00:00", "data": {"market": "0xe5bd1a38111a43d039ca8fc48c7f4f2e0690c87584de68a7fbea294131ede56f", "price_changes": [{"asset_id": "41482691478073814716017208822044199448252380821715828076491565117203952087095", "price": "0.13", "size": "7704", "side": "BUY", "hash": "e64240710ed87549548cf01d64dedcb04a1ceb77", "best_bid": "0.15", "best_ask": "0.17"}, {"asset_id": "105492161346754909701985754075408491156648284741611725984306375947661129287082", "price": "0.87", "size": "7704", "side": "SELL", "hash": "0e7e6a74432468703251a4b9e54e6d76f2276e6c", "best_bid": "0.83", "best_ask": "0.85"}], "timestamp": "1769384542762", "event_type": "price_change"}}
{"_local_timestamp": "2026-01-25T23:42:24.370534+00:00", "data": {"market": "0xe5bd1a38111a43d039ca8fc48c7f4f2e0690c87584de68a7fbea294131ede56f", "price_changes": [{"asset_id": "41482691478073814716017208822044199448252380821715828076491565117203952087095", "price": "0.13", "size": "7588", "side": "BUY", "hash": "47c30acf4abd47c67ea39e79105aa83519d3d07a", "best_bid": "0.15", "best_ask": "0.17"}, {"asset_id": "105492161346754909701985754075408491156648284741611725984306375947661129287082", "price": "0.87", "size": "7588", "side": "SELL", "hash": "5be1937cac66f1439136ff8213e3dfd1192aca21", "best_bid": "0.83", "best_ask": "0.85"}], "timestamp": "1769384544239", "event_type": "price_change"}}
