{"_local_timestamp": "2026-01-25T23:34:26.419253+00:00", "data": [{"market": "0xb07b74d3a792cbf412068f8a04ad126dd49e0ea3f2c6f064c066dd1fe819858b", "asset_id": "100803381546493506457596554063533948131852961077476831196273265665198516558780", "timestamp": "1769383402012", "hash": "840f3b8947f118a33c0082ae1ab5dd83266158bc", "bids": [{"price": "0.01", "size": "100"}, {"price": "0.02", "size": "30.47"}], "asks": [{"price": "0.99", "size": "101.24"}, {"price": "0.98", "size": "24.37"}], "event_type": "book", "last_trade_price": ""}, {"market": "0xb38217dd1a2bffc367d99e41bad2a80bd959cce30290fef2c3f8bb222a6ede18", "asset_id": "9960236999011250190694423933500937890070226156748264246535929664774004246648", "timestamp": "1769383409561", "hash": "770badfa8154ca0b5c7e8189696cd9b51e0c734c", "bids": [{"price": "0.01", "size": "100"}, {"price": "0.02", "size": "30.47"}], "asks": [{"price": "0.99", "size": "101.24"}, {"price": "0.98", "size": "24.37"}], "event_type": "book", "last_trade_price": ""}, {"market": "0xee06f5d56e5a1ac4e2c79dcc56bae5ecf39d99857c8c057dbba18958fbea8de9", "asset_id": "58782925194942692554136203382006542401257736255041884160573352612325329382474", "timestamp": "1769383401920", "hash": "67acb03ca0ff66afc56b134a86ff010a864f807a", "bids": [{"price": "0.01", "size": "100"}, {"price": "0.02", "size": "30.47"}], "asks": [{"price": "0.99", "size": "101.24"}, {"price": "0.98", "size": "24.37"}], "event_type": "book", "last_trade_price": ""}, {"market": "0x5b24a6e64d318e0025af38ba9f742e03ef84aa7f04c14b29041b0034e037c62f", "asset_id": "14118816718325246082131923884539690612479820622920951635884407868939598130209", "timestamp": "1769383401919", "hash": "cb75c650251606bc869521bcf77c9c3130498fd3", "bids": [{"price": "0.01", "size": "100"}, {"price": "0.02", "size": "30.47"}], "asks": [{"price": "0.99", "size": "101.24"}, {"price": "0.98", "size": "24.37"}], "event_type": "book", "last_trade_price": ""}, {"market": "0xb8e28944440da77220efbae57c2d31ee16bd5f89f0bcbb5c63154dec1db39f08", "asset_id": "69733379245685093433884862308798618923812349935119491174605905470844550853774", "timestamp": "1769383563763", "hash": "e8d9e502db297d600c6484dac2d43adee1596f01", "bids": [{"price": "0.01", "size": "100"}, {"price": "0.02", "size": "25"}], "asks": [{"price": "0.99", "size": "100"}, {"price": "0.98", "size": "30.47"}], "event_type": "book", "last_trade_price": ""}, {"market": "0xb8e28944440da77220efbae57c2d31ee16bd5f89f0bcbb5c63154dec1db39f08", "asset_id": "9150510436040647840781834346538057571945132098566021248375366157644570771826", "timestamp": "1769383563763", "hash": "938de9e6512ed530a7d7df7d8211da76a0acc1de", "bids": [{"price": "0.01", "size": "100"}, {"price": "0.02", "size": "30.47"}], "asks": [{"price": "0.99", "size": "100"}, {"price": "0.98", "size": "25"}], "event_type": "book", "last_trade_price": ""}, {"market": "0x5b24a6e64d318e0025af38ba9f742e03ef84aa7f04c14b29041b0034e037c62f", "asset_id": "24517414926792111213698208962596656420939639324837218975508780329218591880367", "timestamp": "1769383401919", "hash": "9c10b41633b4acf6594f63a88fff89e4ce0ea35e", "bids": [{"price": "0.01", "size": "101.24"}, {"price": "0.02", "size": "24.37"}], "asks": [{"price": "0.99", "size": "100"}, {"price": "0.98", "size": "30.47"}], "event_type": "book", "last_trade_price": ""}, {"market": "0x315e806505bd271f67861037b3483195a57f1301ad771f1baef428da095911bf", "asset_id": "79419317272073051387068264803654905500912309541669598341678223490134940570818", "timestamp": "1769383409359", "hash": "1fe495e7b9b603e2901caa20e96495ca7c787f2a", "bids": [{"price": "0.01", "size": "100"}, {"price": "0.02", "size": "30.47"}], "asks": [{"price": "0.99", "size": "101.24"}, {"price": "0.98", "size": "24.37"}], "event_type": "book", "last_trade_price": ""}, {"market": "0xbc367e782b8d1a8920b8fa54afa98f24fd974c3c3909ca20671d5f6a4b0768e6", "asset_id": "57880758397067777122591295645791202563364509098823083586484712710554813348533", "timestamp": "1769383398567", "hash": "b2d92e2753f9813ecc8ac2b7311635ff90d0b3a2", "bids": [{"price": "0.01", "size": "101.24"}, {"price": "0.02", "size": "24.37"}], "asks": [{"price": "0.99", "size": "100"}, {"price": "0.98", "size": "30.47"}], "event_type": "book", "last_trade_price": ""}, {"market": "0xee06f5d56e5a1ac4e2c79dcc56bae5ecf39d99857c8c057dbba18958fbea8de9", "asset_id": "27485274287956076040738401209210524757287975746594458875162959618840413664910", "timestamp": "1769383401920", "hash": "d4c57924b8d30aaf061751dba309821375ea156b", "bids": [{"price": "0.01", "size": "101.24"}, {"price": "0.02", "size": "24.37"}], "asks": [{"price": "0.99", "size": "100"}, {"price": "0.98", "size": "30.47"}], "event_type": "book", "last_trade_price": ""}, {"market": "0xbc367e782b8d1a8920b8fa54afa98f24fd974c3c3909ca20671d5f6a4b0768e6", "asset_id": "8027497912254865641010568300134062199049173198319228221294939017052455451617", "timestamp": "1769383398567", "hash": "26eae74d6b719c58542e08d807869ad8787c7dd0", "bids": [{"price": "0.01", "size": "100"}, {"price": "0.02", "size": "30.47"}], "asks": [{"price": "0.99", "size": "101.24"}, {"price": "0.98", "size": "24.37"}], "event_type": "book", "last_trade_price": ""}, {"market": "0x53ea15cc2ff7d2d430f388b38d5049ca93db40e643449a12a3e71a57a738bedb", "asset_id": "8422783070051277259844915402011412798192764041067167966059555965320790126792", "timestamp": "1769383414127", "hash": "6079f82275c6ba8725ed088ff55c0db529698b3c", "bids": [{"price": "0.01", "size": "100"}, {"price": "0.02", "size": "30.47"}, {"price": "0.1", "size": "110"}], "asks": [{"price": "0.99", "size": "100"}, {"price": "0.98", "size": "25"}, {"price": "0.9", "size": "110"}], "event_type": "book", "last_trade_price": ""}, {"market": "0x315e806505bd271f67861037b3483195a57f1301ad771f1baef428da095911bf", "asset_id": "76188562594466988596348611435764767753097717724300665962538565110440718854720", "timestamp": "1769383409359", "hash": "40b3c49e3f6717d02487e27d68414d4c7290aa4b", "bids": [{"price": "0.01", "size": "101.24"}, {"price": "0.02", "size": "24.37"}], "asks": [{"price": "0.99", "size": "100"}, {"price": "0.98", "size": "30.47"}], "event_type": "book", "last_trade_price": ""}, {"market": "0xe0b61e181b24f8ff4fb703232d23c8770ffb1d1ef4954cb85c293a8236f764b2", "asset_id": "79638008085522036070443645940942971975774534100237189452005860804358147083998", "timestamp": "1769383398568", "hash": "ac2f43cb76fb8031e8d83668c91cde6e4ec00182", "bids": [{"price": "0.01", "size": "101.24"}, {"price": "0.02", "size": "24.37"}], "asks": [{"price": "0.99", "size": "100"}, {"price": "0.98", "size": "30.47"}], "event_type": "book", "last_trade_price": ""}, {"market": "0xe0b61e181b24f8ff4fb703232d23c8770ffb1d1ef4954cb85c293a8236f764b2", "asset_id": "79135467092911104577557486455609334424573410586038603254168162893011680169496", "timestamp": "1769383398568", "hash": "af342a94a1d6fd9f5f4d7d375e39457673535955", "bids": [{"price": "0.01", "size": "100"}, {"price": "0.02", "size": "30.47"}], "asks": [{"price": "0.99", "size": "101.24"}, {"price": "0.98", "size": "24.37"}], "event_type": "book", "last_trade_price": ""}, {"market": "0xb07b74d3a792cbf412068f8a04ad126dd49e0ea3f2c6f064c066dd1fe819858b", "asset_id": "103193433576359688878320138123647516579373091738569232381760939400435607211356", "timestamp": "1769383402012", "hash": "bf2ce61b9eb1cfed08988c9c351cf90193635c1e", "bids": [{"price": "0.01", "size": "101.24"}, {"price": "0.02", "size": "24.37"}], "asks": [{"price": "0.99", "size": "100"}, {"price": "0.98", "size": "30.47"}], "event_type": "book", "last_trade_price": ""}, {"market": "0xb38217dd1a2bffc367d99e41bad2a80bd959cce30290fef2c3f8bb222a6ede18", "asset_id": "11966412842212088081533971906381877842617082978573391864857177923122106304900", "timestamp": "1769383409561", "hash": "65a52b404c2741c25918f8772780f82d14dedadc", "bids": [{"price": "0.01", "size": "101.24"}, {"price": "0.02", "size": "24.37"}], "asks": [{"price": "0.99", "size": "100"}, {"price": "0.98", "size": "30.47"}], "event_type": "book", "last_trade_price": ""}, {"market": "0x53ea15cc2ff7d2d430f388b38d5049ca93db40e643449a12a3e71a57a738bedb", "asset_id": "14199768827058585748367507333923969125415030048012222784525418036308492442389", "timestamp": "1769383414127", "hash": "e119c5c959c57db769d85961b9c347fa0ea77458", "bids": [{"price": "0.01", "size": "100"}, {"price": "0.02", "size": "25"}, {"price": "0.1", "size": "110"}], "asks": [{"price": "0.99", "size": "100"}, {"price": "0.98", "size": "30.47"}, {"price": "0.9", "size": "110"}], "event_type": "book", "last_trade_price": ""}]}
