{"_local_timestamp": "2026-01-25T23:34:23.812280+00:00", "data": [{"market": "0x9a5fe4694308f73edba9b87d1e7d8a849d11d167dc6ef1c6a7f2df49f43ce39a", "asset_id": "81281360268725917291602268267476885115944736590110462750484068523673383820960", "timestamp": "1769383461627", "hash": "9f315a91c2df75719c79747280d574a572ed7fba", "bids": [{"price": "0.01", "size": "100"}, {"price": "0.02", "size": "30.47"}, {"price": "0.1", "size": "110"}], "asks": [{"price": "0.99", "size": "100"}, {"price": "0.98", "size": "25"}, {"price": "0.9", "size": "110"}], "event_type": "book", "last_trade_price": ""}, {"market": "0xf4af0995dd6ea24ebb0529c98dd3cddfed5ed73abbc7dea8a4cfe4c70fef4e22", "asset_id": "68820714726061576502462998438824255580513745013110874588676144486751344626514", "timestamp": "1769383543789", "hash": "1f7e03ba93aa23c6d28c9e55fb8806105941ad87", "bids": [{"price": "0.01", "size": "100"}, {"price": "0.02", "size": "30.47"}], "asks": [{"price": "0.99", "size": "98.76"}, {"price": "0.98", "size": "25.62"}], "event_type": "book", "last_trade_price": ""}, {"market": "0x1967d1ec47307fcb1e51abfee4e7b029bfe44a9e87bca0eafff1813527973625", "asset_id": "107272305850957684418558078685745219367727493317743785823676835959230929109991", "timestamp": "1769383383019", "hash": "0dae150cd6a97d62fbbf0caf70cc1e81588953a2", "bids": [{"price": "0.01", "size": "100"}, {"price": "0.02", "size": "30.47"}], "asks": [{"price": "0.99", "size": "101.24"}, {"price": "0.98", "size": "24.37"}], "event_type": "book", "last_trade_price": ""}, {"market": "0x146c9640b2d39e94962111d397bc8f86ad2a6d8290b5acfb7ad7fd1c31540f09", "asset_id": "10678111254598347405694987313836500269567424351980315781367229715390275295265", "timestamp": "1769383383018", "hash": "85f9bd9bfc2344f1a4c9357476a81d5d8879863e", "bids": [{"price": "0.01", "size": "100"}, {"price": "0.02", "size": "30.47"}], "asks": [{"price": "0.99", "size": "101.24"}, {"price": "0.98", "size": "24.37"}], "event_type": "book", "last_trade_price": ""}, {"market": "0x1967d1ec47307fcb1e51abfee4e7b029bfe44a9e87bca0eafff1813527973625", "asset_id": "54575171430626998813313358967981469636215022460964802712675276362836436566603", "timestamp": "1769383383019", "hash": "746f9a87f913b239b0632aa099766a74d0888d61", "bids": [{"price": "0.01", "size": "101.24"}, {"price": "0.02", "size": "24.37"}], "asks": [{"price": "0.99", "size": "100"}, {"price": "0.98", "size": "30.47"}], "event_type": "book", "last_trade_price": ""}, {"market": "0xe1b584a0677c16ac3879f070e28356da038b6b3f24dc742bdc7aafc7d694f9ee", "asset_id": "73313266141732039845015466637650755138009293529548509438926596981306151464772", "timestamp": "1769383376239", "hash": "babf2e40741f3be9395775f1600aacb3d309709d", "bids": [{"price": "0.01", "size": "101.24"}, {"price": "0.02", "size": "24.37"}], "asks": [{"price": "0.99", "size": "100"}, {"price": "0.98", "size": "30.47"}], "event_type": "book", "last_trade_price": ""}, {"market": "0xdf97dbf83a7a36a57e58a3108cece024927ec5315715266d25b6cb29556f1315", "asset_id": "105836228481193643991524057007461706906138027298778485995557523158564292637717", "timestamp": "1769383380865", "hash": "92f8d7650c212ad7df0facc41b75ec1e4bd2c0a2", "bids": [{"price": "0.01", "size": "100"}, {"price": "0.02", "size": "30.47"}], "asks": [{"price": "0.99", "size": "101.24"}, {"price": "0.98", "size": "24.37"}], "event_type": "book", "last_trade_price": ""}, {"market": "0x370dfab8f60686c56673717bfdbbe64d2230c2988bb9460ab31c398a129ac73f", "asset_id": "108208655561149626598698784027253001492302003386443596746341151855743758939564", "timestamp": "1769383378545", "hash": "812aa0974fa186af580675fbe84d1ee8fb8b72e8", "bids": [{"price": "0.01", "size": "101.24"}], "asks": [{"price": "0.99", "size": "100"}, {"price": "0.98", "size": "30.47"}], "event_type": "book", "last_trade_price": ""}, {"market": "0xdf97dbf83a7a36a57e58a3108cece024927ec5315715266d25b6cb29556f1315", "asset_id": "75441552268440613018301935238034340831460173833587045191612952709589770861556", "timestamp": "1769383380865", "hash": "3a49d4f1727998469dce9fc374692422ab2f4d9e", "bids": [{"price": "0.01", "size": "101.24"}, {"price": "0.02", "size": "24.37"}], "asks": [{"price": "0.99", "size": "100"}, {"price": "0.98", "size": "30.47"}], "event_type": "book", "last_trade_price": ""}, {"market": "0xe1b584a0677c16ac3879f070e28356da038b6b3f24dc742bdc7aafc7d694f9ee", "asset_id": "25318316656585771454509618105132448536600369387777993708606009502489051335263", "timestamp": "1769383376239", "hash": "2ecd08fb670d0d7ec1b6c7a1a517f9b09336f7f6", "bids": [{"price": "0.01", "size": "100"}, {"price": "0.02", "size": "30.47"}], "asks": [{"price": "0.99", "size": "101.24"}, {"price": "0.98", "size": "24.37"}], "event_type": "book", "last_trade_price": ""}, {"market": "0xf4af0995dd6ea24ebb0529c98dd3cddfed5ed73abbc7dea8a4cfe4c70fef4e22", "asset_id": "81525637074383230231642378056041231607869319256522741421567046089352946001353", "timestamp": "1769383543789", "hash": "a3fd9bfa2f64db196b1ef76f41f8584d1a834a13", "bids": [{"price": "0.01", "size": "98.76"}, {"price": "0.02", "size": "25.62"}], "asks": [{"price": "0.99", "size": "100"}, {"price": "0.98", "size": "30.47"}], "event_type": "book", "last_trade_price": ""}, {"market": "0x370dfab8f60686c56673717bfdbbe64d2230c2988bb9460ab31c398a129ac73f", "asset_id": "86829256651019976360319454277409218988318903570326724146299674143080767790585", "timestamp": "1769383378545", "hash": "20a1cbea4c7aecdad01534d7f6fb4c34188f7028", "bids": [{"price": "0.01", "size": "100"}, {"price": "0.02", "size": "30.47"}], "asks": [{"price": "0.99", "size": "101.24"}], "event_type": "book", "last_trade_price": ""}, {"market": "0x9a5fe4694308f73edba9b87d1e7d8a849d11d167dc6ef1c6a7f2df49f43ce39a", "asset_id": "102875581434000592687327487752788261080653484972760388733103002721335949557046", "timestamp": "1769383461627", "hash": "fc6ee50eee990f425741fb8e005baeccfd890d52", "bids": [{"price": "0.01", "size": "100"}, {"price": "0.02", "size": "25"}, {"price": "0.1", "size": "110"}], "asks": [{"price": "0.99", "size": "100"}, {"price": "0.98", "size": "30.47"}, {"price": "0.9", "size": "110"}], "event_type": "book", "last_trade_price": ""}, {"market": "0x40f859f3f81f0c47c70fa7445688c72ecb211d8bf638689ca1d13ee77c3c311b", "asset_id": "50284616088466767434807671846724073302003372823394382520564284760698491392312", "timestamp": "1769383543849", "hash": "f557b95d9fdb725c083f1036061493fd8abb242f", "bids": [{"price": "0.01", "size": "100"}, {"price": "0.02", "size": "30.47"}], "asks": [{"price": "0.99", "size": "101.24"}], "event_type": "book", "last_trade_price": ""}, {"market": "0x40f859f3f81f0c47c70fa7445688c72ecb211d8bf638689ca1d13ee77c3c311b", "asset_id": "9599275079087607763108235157860149469136591075648616387065957140768681026036", "timestamp": "1769383543849", "hash": "d433475b06bea6cddafceaeb137066488f637e2b", "bids": [{"price": "0.01", "size": "101.24"}], "asks": [{"price": "0.99", "size": "100"}, {"price": "0.98", "size": "30.47"}], "event_type": "book", "last_trade_price": ""}, {"market": "0x146c9640b2d39e94962111d397bc8f86ad2a6d8290b5acfb7ad7fd1c31540f09", "asset_id": "92946639212884855704512896530423360139435763669338097731744047869824165332529", "timestamp": "1769383383018", "hash": "09ea94d5eb060b81c445af638ad494a026739649", "bids": [{"price": "0.01", "size": "101.24"}, {"price": "0.02", "size": "24.37"}], "asks": [{"price": "0.99", "size": "100"}, {"price": "0.98", "size": "30.47"}], "event_type": "book", "last_trade_price": ""}, {"market": "0x386638fea22931b0559b1fc7f2d20a8fec5fb3beb0cdd165794cda960fc63d97", "asset_id": "22110202957737055815983940005667975789847168134621115068654955751776788596524", "timestamp": "1769383378546", "hash": "bf772cad03ca22c5cb353f08cc9c6720658bf3d2", "bids": [{"price": "0.01", "size": "100"}, {"price": "0.02", "size": "30.47"}], "asks": [{"price": "0.99", "size": "101.24"}, {"price": "0.98", "size": "24.37"}], "event_type": "book", "last_trade_price": ""}, {"market": "0x386638fea22931b0559b1fc7f2d20a8fec5fb3beb0cdd165794cda960fc63d97", "asset_id": "29722782189960593456295910955764166626635074374812872562006668585514484549832", "timestamp": "1769383378546", "hash": "e3e4e42b68b35a7cc74abf4d21f7e2a1c8bd3c91", "bids": [{"price": "0.01", "size": "101.24"}, {"price": "0.02", "size": "24.37"}], "asks": [{"price": "0.99", "size": "100"}, {"price": "0.98", "size": "30.47"}], "event_type": "book", "last_trade_price": ""}]}
