{"_local_timestamp": "2026-01-25T23:34:19.778659+00:00", "data": [{"market": "0x00fddaa30ddb3cc291538dfa0210d67076fa62432b3cb611549ab8bcbefa184a", "asset_id": "25963108714775085023598215698432130621757600397959437017516275975394672153097", "timestamp": "1769383975353", "hash": "efd6df20777ec3b8f61c49221163fd6f8e4fef8f", "bids": [{"price": "0.01", "size": "100"}, {"price": "0.02", "size": "25"}, {"price": "0.06", "size": "1005.47"}], "asks": [{"price": "0.99", "size": "70.64"}, {"price": "0.98", "size": "19.16"}], "event_type": "book", "last_trade_price": ""}, {"market": "0x4410aca3a0fc9b5f50da0ac3232fe3d7796effe673697e4de80e63c3f850e2b6", "asset_id": "12960780696302692795365806171578964608567781021636713369142799408696231712351", "timestamp": "1769384037408", "hash": "8a198e70bfd2dd52cb109142c9b8865785e3334b", "bids": [{"price": "0.001", "size": "2928.99"}, {"price": "0.002", "size": "29.44"}, {"price": "0.003", "size": "100"}, {"price": "0.004", "size": "14.57"}, {"price": "0.005", "size": "200"}, {"price": "0.006", "size": "9.62"}, {"price": "0.007", "size": "100"}, {"price": "0.008", "size": "10.69"}, {"price": "0.01", "size": "22257"}, {"price": "0.011", "size": "10.11"}, {"price": "0.015", "size": "3950"}, {"price": "0.016", "size": "14.91"}, {"price": "0.02", "size": "153599"}, {"price": "0.021", "size": "39.78"}], "asks": [{"price": "0.999", "size": "1534.07"}, {"price": "0.998", "size": "22.29"}, {"price": "0.99", "size": "50"}, {"price": "0.989", "size": "8.38"}, {"price": "0.97", "size": "1100"}, {"price": "0.969", "size": "8.35"}, {"price": "0.92", "size": "600"}, {"price": "0.9", "size": "10"}, {"price": "0.899", "size": "5.93"}, {"price": "0.86", "size": "50"}, {"price": "0.8", "size": "400"}, {"price": "0.73", "size": "200"}, {"price": "0.64", "size": "4344"}, {"price": "0.61", "size": "3386.5"}, {"price": "0.58", "size": "2567.5"}, {"price": "0.55", "size": "1776.25"}, {"price": "0.52", "size": "1005"}, {"price": "0.51", "size": "1002"}, {"price": "0.5", "size": "1117.49"}, {"price": "0.4", "size": "166.66"}, {"price": "0.15", "size": "5"}, {"price": "0.09", "size": "50"}, {"price": "0.08", "size": "100"}, {"price": "0.07", "size": "209"}, {"price": "0.06", "size": "344.22"}, {"price": "0.05", "size": "227"}, {"price": "0.038", "size": "555"}, {"price": "0.034", "size": "582"}, {"price": "0.032", "size": "1034"}, {"price": "0.031", "size": "380.84"}, {"price": "0.025", "size": "295.21"}], "event_type": "book", "last_trade_price": "0.025"}, {"market": "0x2e682de014b1107bbbe99b51fda0bd738e06be920b206ca2155c176e526d0b71", "asset_id": "72722740413428991232476199440482616266848807562551171262643304997471835041335", "timestamp": "1769383975346", "hash": "b78ca3b87b6d7dd4b9fc97d9e97533b478a86fab", "bids": [{"price": "0.01", "size": "64.69"}, {"price": "0.03", "size": "100"}, {"price": "0.04", "size": "5.02"}, {"price": "0.08", "size": "100"}, {"price": "0.09", "size": "7.24"}, {"price": "0.36", "size": "2122"}, {"price": "0.39", "size": "1693.25"}, {"price": "0.42", "size": "1283.75"}, {"price": "0.45", "size": "888.12"}, {"price": "0.48", "size": "502.5"}, {"price": "0.49", "size": "501"}, {"price": "0.5", "size": "500"}, {"price": "0.58", "size": "339"}], "asks": [{"price": "0.99", "size": "50"}, {"price": "0.98", "size": "5.29"}, {"price": "0.97", "size": "100"}, {"price": "0.96", "size": "22.35"}, {"price": "0.78", "size": "2466"}, {"price": "0.75", "size": "1914.25"}, {"price": "0.72", "size": "1420"}, {"price": "0.69", "size": "964.25"}, {"price": "0.66", "size": "538"}, {"price": "0.65", "size": "534"}, {"price": "0.64", "size": "1895.5"}], "event_type": "book", "last_trade_price": ""}, {"market": "0x78ddd77cfdc396a878fe50e97962a8e7c1f269dde81f31e4ac61c590ef2ec8c2", "asset_id": "103095283277353088629077174478706049824861017494292974381486663505411556407518", "timestamp": "1769383602107", "hash": "2efa52f880496302593e7123f2ac83a756173931", "bids": [{"price": "0.01", "size": "69.71"}, {"price": "0.02", "size": "19.63"}], "asks": [{"price": "0.99", "size": "70.64"}, {"price": "0.98", "size": "24.63"}], "event_type": "book", "last_trade_price": ""}, {"market": "0x0f39b07d28636179805c9d158e9e191204960b87e6a86eac4d2030fd5d027e0f", "asset_id": "33008712146240511401124961944195755274706723935095526526368468739543840310570", "timestamp": "1769383979244", "hash": "ede1bff58d7d87a0802d67ea25c145ba3162aabc", "bids": [{"price": "0.01", "size": "100"}, {"price": "0.02", "size": "25"}, {"price": "0.06", "size": "1005.47"}], "asks": [{"price": "0.99", "size": "70.64"}, {"price": "0.98", "size": "19.16"}], "event_type": "book", "last_trade_price": ""}, {"market": "0x0f39b07d28636179805c9d158e9e191204960b87e6a86eac4d2030fd5d027e0f", "asset_id": "87765154917908111244501366665592855608056290890588349234922552262157630841567", "timestamp": "1769383979244", "hash": "d6c796551b7ffd24c136ab79c97b48a1ebb0d817", "bids": [{"price": "0.01", "size": "70.64"}, {"price": "0.02", "size": "19.16"}], "asks": [{"price": "0.99", "size": "100"}, {"price": "0.98", "size": "25"}, {"price": "0.94", "size": "1005.47"}], "event_type": "book", "last_trade_price": ""}, {"market": "0x11bda2a67b3bb7d25a2a85e66d961beb3a9b0ff5802383de4d8eb06958dfbd25", "asset_id": "59946420638527075068094017657007439046680089185161119140821135355801195106706", "timestamp": "1769383975350", "hash": "4734c2d3f43b47fe7814dd9d03333902144c49e7", "bids": [{"price": "0.01", "size": "50"}, {"price": "0.02", "size": "15.05"}, {"price": "0.03", "size": "100"}, {"price": "0.08", "size": "100"}, {"price": "0.09", "size": "7.76"}, {"price": "0.14", "size": "50"}, {"price": "0.2", "size": "200"}, {"price": "0.49", "size": "1002"}, {"price": "0.5", "size": "1000"}, {"price": "0.91", "size": "100"}, {"price": "0.92", "size": "711"}], "asks": [{"price": "0.99", "size": "130"}, {"price": "0.98", "size": "39.54"}, {"price": "0.96", "size": "3847"}, {"price": "0.95", "size": "4260"}, {"price": "0.94", "size": "1045"}], "event_type": "book", "last_trade_price": "0.070"}, {"market": "0x00fddaa30ddb3cc291538dfa0210d67076fa62432b3cb611549ab8bcbefa184a", "asset_id": "96555176248762849114270743363922933340416514524866137208841389885251645488330", "timestamp": "1769383975353", "hash": "87128ad5dd0f4f023ed978ef6700a6020cfbaaf5", "bids": [{"price": "0.01", "size": "70.64"}, {"price": "0.02", "size": "19.16"}], "asks": [{"price": "0.99", "size": "100"}, {"price": "0.98", "size": "25"}, {"price": "0.94", "size": "1005.47"}], "event_type": "book", "last_trade_price": ""}, {"market": "0x6535b5298489fb13dbd8ccd8e159c863fc5f200bfa0fa54f42a4522277421bae", "asset_id": "70434658428379999369252938904488849693086861442981639719364000205857607396973", "timestamp": "1769384059295", "hash": "1e089abe2d4ae27b3cda6e6f150772225e1e7b9e", "bids": [{"price": "0.01", "size": "80.92"}, {"price": "0.02", "size": "25.17"}, {"price": "0.09", "size": "4370"}, {"price": "0.1", "size": "5822"}, {"price": "0.11", "size": "1000"}], "asks": [{"price": "0.99", "size": "50"}, {"price": "0.98", "size": "15.05"}, {"price": "0.97", "size": "100"}, {"price": "0.92", "size": "100"}, {"price": "0.91", "size": "7.76"}, {"price": "0.86", "size": "50"}, {"price": "0.8", "size": "200"}, {"price": "0.73", "size": "200"}, {"price": "0.66", "size": "100"}, {"price": "0.51", "size": "1002"}, {"price": "0.5", "size": "1000"}, {"price": "0.15", "size": "1185.33"}, {"price": "0.14", "size": "3032"}], "event_type": "book", "last_trade_price": "0.120"}, {"market": "0x4410aca3a0fc9b5f50da0ac3232fe3d7796effe673697e4de80e63c3f850e2b6", "asset_id": "66849841204764556934696568105307233935402465549434266880831999866159134523664", "timestamp": "1769384037408", "hash": "b6571eb017b5bf797bfea0c20b3021f2337e99db", "bids": [{"price": "0.001", "size": "1534.07"}, {"price": "0.002", "size": "22.29"}, {"price": "0.01", "size": "50"}, {"price": "0.011", "size": "8.38"}, {"price": "0.03", "size": "1100"}, {"price": "0.031", "size": "8.35"}, {"price": "0.08", "size": "600"}, {"price": "0.1", "size": "10"}, {"price": "0.101", "size": "5.93"}, {"price": "0.14", "size": "50"}, {"price": "0.2", "size": "400"}, {"price": "0.27", "size": "200"}, {"price": "0.36", "size": "4344"}, {"price": "0.39", "size": "3386.5"}, {"price": "0.42", "size": "2567.5"}, {"price": "0.45", "size": "1776.25"}, {"price": "0.48", "size": "1005"}, {"price": "0.49", "size": "1002"}, {"price": "0.5", "size": "1117.49"}, {"price": "0.6", "size": "166.66"}, {"price": "0.85", "size": "5"}, {"price": "0.91", "size": "50"}, {"price": "0.92", "size": "100"}, {"price": "0.93", "size": "209"}, {"price": "0.94", "size": "344.22"}, {"price": "0.95", "size": "227"}, {"price": "0.962", "size": "555"}, {"price": "0.966", "size": "582"}, {"price": "0.968", "size": "1034"}, {"price": "0.969", "size": "380.84"}, {"price": "0.975", "size": "295.21"}], "asks": [{"price": "0.999", "size": "2928.99"}, {"price": "0.998", "size": "29.44"}, {"price": "0.997", "size": "100"}, {"price": "0.996", "size": "14.57"}, {"price": "0.995", "size": "200"}, {"price": "0.994", "size": "9.62"}, {"price": "0.993", "size": "100"}, {"price": "0.992", "size": "10.69"}, {"price": "0.99", "size": "22257"}, {"price": "0.989", "size": "10.11"}, {"price": "0.985", "size": "3950"}, {"price": "0.984", "size": "14.91"}, {"price": "0.98", "size": "153599"}, {"price": "0.979", "size": "39.78"}], "event_type": "book", "last_trade_price": "0.025"}, {"market": "0x9068c5781252e5fc4380f412caa2c6a28b6e8aec6b13b2c8d07b6edc15b5524a", "asset_id": "69044625723365598578357499395648334183014549093427659659088778236818226359455", "timestamp": "1769383602107", "hash": "185b66f1ff580b38265fb66e6e2bae15f9793bca", "bids": [{"price": "0.01", "size": "69.71"}, {"price": "0.02", "size": "19.63"}], "asks": [{"price": "0.99", "size": "70.64"}, {"price": "0.98", "size": "24.63"}], "event_type": "book", "last_trade_price": ""}, {"market": "0x11bda2a67b3bb7d25a2a85e66d961beb3a9b0ff5802383de4d8eb06958dfbd25", "asset_id": "77665482694312067404022284039307959317989785784901081226502318608952317108703", "timestamp": "1769383975350", "hash": "d620cc49315449e8958f3e26acb50f4700fcd740", "bids": [{"price": "0.01", "size": "130"}, {"price": "0.02", "size": "39.54"}, {"price": "0.04", "size": "3847"}, {"price": "0.05", "size": "4260"}, {"price": "0.06", "size": "1045"}], "asks": [{"price": "0.99", "size": "50"}, {"price": "0.98", "size": "15.05"}, {"price": "0.97", "size": "100"}, {"price": "0.92", "size": "100"}, {"price": "0.91", "size": "7.76"}, {"price": "0.86", "size": "50"}, {"price": "0.8", "size": "200"}, {"price": "0.51", "size": "1002"}, {"price": "0.5", "size": "1000"}, {"price": "0.09", "size": "100"}, {"price": "0.08", "size": "711"}], "event_type": "book", "last_trade_price": "0.070"}, {"market": "0x2e682de014b1107bbbe99b51fda0bd738e06be920b206ca2155c176e526d0b71", "asset_id": "66478363277733429083385177739383520176384178209951838647499870568419447942296", "timestamp": "1769383975346", "hash": "10e29aed06537f3790ebe05282ae00f2e91a7de9", "bids": [{"price": "0.01", "size": "50"}, {"price": "0.02", "size": "5.29"}, {"price": "0.03", "size": "100"}, {"price": "0.04", "size": "22.35"}, {"price": "0.22", "size": "2466"}, {"price": "0.25", "size": "1914.25"}, {"price": "0.28", "size": "1420"}, {"price": "0.31", "size": "964.25"}, {"price": "0.34", "size": "538"}, {"price": "0.35", "size": "534"}, {"price": "0.36", "size": "1895.5"}], "asks": [{"price": "0.99", "size": "64.69"}, {"price": "0.97", "size": "100"}, {"price": "0.96", "size": "5.02"}, {"price": "0.92", "size": "100"}, {"price": "0.91", "size": "7.24"}, {"price": "0.64", "size": "2122"}, {"price": "0.61", "size": "1693.25"}, {"price": "0.58", "size": "1283.75"}, {"price": "0.55", "size": "888.12"}, {"price": "0.52", "size": "502.5"}, {"price": "0.51", "size": "501"}, {"price": "0.5", "size": "500"}, {"price": "0.42", "size": "339"}], "event_type": "book", "last_trade_price": ""}, {"market": "0x39f23c8557c2b7bd43fe494d148c5388d6c77c74de39423a926641b7395a81d9", "asset_id": "8784603573267379459118988023146346245439703308938807910973509681648916918498", "timestamp": "1769383600158", "hash": "0091ccc34318178ce2a35aa79417b59a2aa0e7b0", "bids": [{"price": "0.01", "size": "70.64"}, {"price": "0.02", "size": "24.63"}], "asks": [{"price": "0.99", "size": "70.64"}, {"price": "0.98", "size": "19.16"}], "event_type": "book", "last_trade_price": ""}, {"market": "0x9068c5781252e5fc4380f412caa2c6a28b6e8aec6b13b2c8d07b6edc15b5524a", "asset_id": "110239185460772098249406874549592644350324958860713353157655860953696379533021", "timestamp": "1769383602107", "hash": "229f30ee9f6ed383a333236bac93290358bcb99a", "bids": [{"price": "0.01", "size": "70.64"}, {"price": "0.02", "size": "24.63"}], "asks": [{"price": "0.99", "size": "69.71"}, {"price": "0.98", "size": "19.63"}], "event_type": "book", "last_trade_price": ""}, {"market": "0x78ddd77cfdc396a878fe50e97962a8e7c1f269dde81f31e4ac61c590ef2ec8c2", "asset_id": "23417215001653764512108084679075662722256925089884328556057093714727013903746", "timestamp": "1769383602107", "hash": "14ca7e4ce83ad35b4342b2ac3f830efeb07e029a", "bids": [{"price": "0.01", "size": "70.64"}, {"price": "0.02", "size": "24.63"}], "asks": [{"price": "0.99", "size": "69.71"}, {"price": "0.98", "size": "19.63"}], "event_type": "book", "last_trade_price": ""}, {"market": "0x39f23c8557c2b7bd43fe494d148c5388d6c77c74de39423a926641b7395a81d9", "asset_id": "110082936973118695921702924406111796337479664549408524536441428488656067605508", "timestamp": "1769383600158", "hash": "45e1cba6075a50fac4c855b87b838718e5e633d0", "bids": [{"price": "0.01", "size": "70.64"}, {"price": "0.02", "size": "19.16"}], "asks": [{"price": "0.99", "size": "70.64"}, {"price": "0.98", "size": "24.63"}], "event_type": "book", "last_trade_price": ""}, {"market": "0x6535b5298489fb13dbd8ccd8e159c863fc5f200bfa0fa54f42a4522277421bae", "asset_id": "7877543056363159509921869877511237484906584134343838187388167251287924451427", "timestamp": "1769384059295", "hash": "b4aba910a54e0f77bfa865070826a3fcb2365097", "bids": [{"price": "0.01", "size": "50"}, {"price": "0.02", "size": "15.05"}, {"price": "0.03", "size": "100"}, {"price": "0.08", "size": "100"}, {"price": "0.09", "size": "7.76"}, {"price": "0.14", "size": "50"}, {"price": "0.2", "size": "200"}, {"price": "0.27", "size": "200"}, {"price": "0.34", "size": "100"}, {"price": "0.49", "size": "1002"}, {"price": "0.5", "size": "1000"}, {"price": "0.85", "size": "1185.33"}, {"price": "0.86", "size": "3032"}], "asks": [{"price": "0.99", "size": "80.92"}, {"price": "0.98", "size": "25.17"}, {"price": "0.91", "size": "4370"}, {"price": "0.9", "size": "5822"}, {"price": "0.89", "size": "1000"}], "event_type": "book", "last_trade_price": "0.120"}]}
{"_local_timestamp": "2026-01-25T23:34:21.064820+00:00", "data": {"market": "0x6535b5298489fb13dbd8ccd8e159c863fc5f200bfa0fa54f42a4522277421bae", "price_changes": [{"asset_id": "70434658428379999369252938904488849693086861442981639719364000205857607396973", "price": "0.01", "size": "62.2", "side": "BUY", "hash": "b79d09b4dc747837594fc64c8f5211f401b05d09", "best_bid": "0.11", "best_ask": "0.14"}, {"asset_id": "7877543056363159509921869877511237484906584134343838187388167251287924451427", "price": "0.99", "size": "62.2", "side": "SELL", "hash": "b06cc8858c22bb06cff5b3743204657c8946b09e", "best_bid": "0.86", "best_ask": "0.89"}], "timestamp": "1769384060998", "event_type": "price_change"}}
{"_local_timestamp": "2026-01-25T23:34:21.439948+00:00", "data": {"market": "0x6535b5298489fb13dbd8ccd8e159c863fc5f200bfa0fa54f42a4522277421bae", "price_changes": [{"asset_id": "70434658428379999369252938904488849693086861442981639719364000205857607396973", "price": "0.01", "size": "80.92", "side": "BUY", "hash": "b629250f06c42ee37a73b248d0335e69bb169cba", "best_bid": "0.11", "best_ask": "0.14"}, {"asset_id": "7877543056363159509921869877511237484906584134343838187388167251287924451427", "price": "0.99", "size": "80.92", "side": "SELL", "hash": "9a5e37b7cc3a35e10ced6e5a27ace71d2e351b01", "best_bid": "0.86", "best_ask": "0.89"}], "timestamp": "1769384061370", "event_type": "price_change"}}
{"_local_timestamp": "2026-01-25T23:34:21.441185+00:00", "data": {"market": "0x6535b5298489fb13dbd8ccd8e159c863fc5f200bfa0fa54f42a4522277421bae", "price_changes": [{"asset_id": "70434658428379999369252938904488849693086861442981639719364000205857607396973", "price": "0.01", "size": "99.64", "side": "BUY", "hash": "c25823cb33c58df163d95ca773f0a2a80e569b40", "best_bid": "0.11", "best_ask": "0.14"}, {"asset_id": "7877543056363159509921869877511237484906584134343838187388167251287924451427", "price": "0.99", "size": "99.64", "side": "SELL", "hash": "f2b3719897c5cf79f51f75bb402c95ad1cea13f2", "best_bid": "0.86", "best_ask": "0.89"}], "timestamp": "1769384061371", "event_type": "price_change"}}
{"_local_timestamp": "2026-01-25T23:34:24.388997+00:00", "data": {"market": "0x6535b5298489fb13dbd8ccd8e159c863fc5f200bfa0fa54f42a4522277421bae", "price_changes": [{"asset_id": "70434658428379999369252938904488849693086861442981639719364000205857607396973", "price": "0.01", "size": "80.92", "side": "BUY", "hash": "528c2f9333475a7d6902f737f4717cd6e68fae9a", "best_bid": "0.11", "best_ask": "0.14"}, {"asset_id": "7877543056363159509921869877511237484906584134343838187388167251287924451427", "price": "0.99", "size": "80.92", "side": "SELL", "hash": "0fb9c39c3fd4c4be22942deee63505b6561c21ad", "best_bid": "0.86", "best_ask": "0.89"}], "timestamp": "1769384064322", "event_type": "price_change"}}
{"_local_timestamp": "2026-01-25T23:34:24.812073+00:00", "data": {"market": "0x4410aca3a0fc9b5f50da0ac3232fe3d7796effe673697e4de80e63c3f850e2b6", "price_changes": [{"asset_id": "12960780696302692795365806171578964608567781021636713369142799408696231712351", "price": "0.016", "size": "6.18", "side": "BUY", "hash": "88b12696494028378ae142d4d8fc3ac19a92ed5c", "best_bid": "0.021", "best_ask": "0.025"}, {"asset_id": "66849841204764556934696568105307233935402465549434266880831999866159134523664", "price": "0.984", "size": "6.18", "side": "SELL", "hash": "84a5d2c268b8372c0288905ad27260a097fa4156", "best_bid": "0.975", "best_ask": "0.979"}], "timestamp": "1769384064743", "event_type": "price_change"}}
{"_local_timestamp": "2026-01-25T23:34:25.102186+00:00", "data": {"market": "0x4410aca3a0fc9b5f50da0ac3232fe3d7796effe673697e4de80e63c3f850e2b6", "price_changes": [{"asset_id": "12960780696302692795365806171578964608567781021636713369142799408696231712351", "price": "0.016", "size": "14.91", "side": "BUY", "hash": "63f6576f8e6f61461a86aa42e90a52885631c55a", "best_bid": "0.021", "best_ask": "0.025"}, {"asset_id": "66849841204764556934696568105307233935402465549434266880831999866159134523664", "price": "0.984", "size": "14.91", "side": "SELL", "hash": "a34265d23172d85f21ddefad0e5860f4d1850d21", "best_bid": "0.975", "best_ask": "0.979"}], "timestamp": "1769384065030", "event_type": "price_change"}}
{"_local_timestamp": "2026-01-25T23:34:26.120640+00:00", "data": {"market": "0x6535b5298489fb13dbd8ccd8e159c863fc5f200bfa0fa54f42a4522277421bae", "price_changes": [{"asset_id": "70434658428379999369252938904488849693086861442981639719364000205857607396973", "price": "0.01", "size": "62.2", "side": "BUY", "hash": "58735c60e3b9fb1fb19c562f60f03e787552bd29", "best_bid": "0.11", "best_ask": "0.14"}, {"asset_id": "7877543056363159509921869877511237484906584134343838187388167251287924451427", "price": "0.99", "size": "62.2", "side": "SELL", "hash": "1ecf573a1c87812eb35a245a97565a90d80216ca", "best_bid": "0.86", "best_ask": "0.89"}], "timestamp": "1769384066029", "event_type": "price_change"}}
{"_local_timestamp": "2026-01-25T23:34:26.359918+00:00", "data": {"market": "0x6535b5298489fb13dbd8ccd8e159c863fc5f200bfa0fa54f42a4522277421bae", "price_changes": [{"asset_id": "70434658428379999369252938904488849693086861442981639719364000205857607396973", "price": "0.02", "size": "34.53", "side": "BUY", "hash": "1c5d3567465f43a356aa1d4fdc04fb85835a1cd3", "best_bid": "0.11", "best_ask": "0.14"}, {"asset_id": "7877543056363159509921869877511237484906584134343838187388167251287924451427", "price": "0.98", "size": "34.53", "side": "SELL", "hash": "7bafa17dc023f88ca9893b472f4c60592076bb6d", "best_bid": "0.86", "best_ask": "0.89"}], "timestamp": "1769384066277", "event_type": "price_change"}}
{"_local_timestamp": "2026-01-25T23:34:26.363442+00:00", "data": {"market": "0x6535b5298489fb13dbd8ccd8e159c863fc5f200bfa0fa54f42a4522277421bae", "price_changes": [{"asset_id": "70434658428379999369252938904488849693086861442981639719364000205857607396973", "price": "0.02", "size": "43.89", "side": "BUY", "hash": "4ce488deec1a6bbbc7d7ca1823f1b0257cf6ec57", "best_bid": "0.11", "best_ask": "0.14"}, {"asset_id": "7877543056363159509921869877511237484906584134343838187388167251287924451427", "price": "0.98", "size": "43.89", "side": "SELL", "hash": "e25ef4a7ea952f2899fd24edbfcd48e6158e1eed", "best_bid": "0.86", "best_ask": "0.89"}], "timestamp": "1769384066279", "event_type": "price_change"}}
{"_local_timestamp": "2026-01-25T23:34:29.518145+00:00", "data": {"market": "0x6535b5298489fb13dbd8ccd8e159c863fc5f200bfa0fa54f42a4522277421bae", "price_changes": [{"asset_id": "70434658428379999369252938904488849693086861442981639719364000205857607396973", "price": "0.02", "size": "34.53", "side": "BUY", "hash": "a3421a57507dd5504800646274397f45a774ef0c", "best_bid": "0.11", "best_ask": "0.14"}, {"asset_id": "7877543056363159509921869877511237484906584134343838187388167251287924451427", "price": "0.98", "size": "34.53", "side": "SELL", "hash": "1bbbce3dfb7aa44dadce3f7c6c2aa0086a222d28", "best_bid": "0.86", "best_ask": "0.89"}], "timestamp": "1769384069451", "event_type": "price_change"}}
{"_local_timestamp": "2026-01-25T23:34:29.937043+00:00", "data": {"market": "0x6535b5298489fb13dbd8ccd8e159c863fc5f200bfa0fa54f42a4522277421bae", "price_changes": [{"asset_id": "70434658428379999369252938904488849693086861442981639719364000205857607396973", "price": "0.01", "size": "71.57", "side": "BUY", "hash": "0e158cd50583cee9842e13e8cd3eed5310271d0f", "best_bid": "0.11", "best_ask": "0.14"}, {"asset_id": "7877543056363159509921869877511237484906584134343838187388167251287924451427", "price": "0.99", "size": "71.57", "side": "SELL", "hash": "1a40a46c6ffd596aa3c7714eb01a689af1e1c047", "best_bid": "0.86", "best_ask": "0.89"}], "timestamp": "1769384069751", "event_type": "price_change"}}
{"_local_timestamp": "2026-01-25T23:34:29.937826+00:00", "data": {"market": "0x6535b5298489fb13dbd8ccd8e159c863fc5f200bfa0fa54f42a4522277421bae", "price_changes": [{"asset_id": "70434658428379999369252938904488849693086861442981639719364000205857607396973", "price": "0.01", "size": "80.94", "side": "BUY", "hash": "b20bdc0c8bc78c18c61fac0de36eb3533f9ecd76", "best_bid": "0.11", "best_ask": "0.14"}, {"asset_id": "7877543056363159509921869877511237484906584134343838187388167251287924451427", "price": "0.99", "size": "80.94", "side": "SELL", "hash": "f0d567ed931ba4996864bb474e5455a0bb89b273", "best_bid": "0.86", "best_ask": "0.89"}], "timestamp": "1769384069752", "event_type": "price_change"}}
{"_local_timestamp": "2026-01-25T23:34:32.610373+00:00", "data": {"market": "0x6535b5298489fb13dbd8ccd8e159c863fc5f200bfa0fa54f42a4522277421bae", "price_changes": [{"asset_id": "70434658428379999369252938904488849693086861442981639719364000205857607396973", "price": "0.01", "size": "71.57", "side": "BUY", "hash": "3be8b70f0a52af8389cfe5ed98a95e369eb8b09b", "best_bid": "0.11", "best_ask": "0.14"}, {"asset_id": "7877543056363159509921869877511237484906584134343838187388167251287924451427", "price": "0.99", "size": "71.57", "side": "SELL", "hash": "234aa493fc3c48202f1d4ed88e13933f3256da0a", "best_bid": "0.86", "best_ask": "0.89"}], "timestamp": "1769384072537", "event_type": "price_change"}}
{"_local_timestamp": "2026-01-25T23:34:32.612199+00:00", "data": {"market": "0x6535b5298489fb13dbd8ccd8e159c863fc5f200bfa0fa54f42a4522277421bae", "price_changes": [{"asset_id": "70434658428379999369252938904488849693086861442981639719364000205857607396973", "price": "0.02", "size": "25.17", "side": "BUY", "hash": "3be8b70f0a52af8389cfe5ed98a95e369eb8b09b", "best_bid": "0.11", "best_ask": "0.14"}, {"asset_id": "7877543056363159509921869877511237484906584134343838187388167251287924451427", "price": "0.98", "size": "25.17", "side": "SELL", "hash": "234aa493fc3c48202f1d4ed88e13933f3256da0a", "best_bid": "0.86", "best_ask": "0.89"}], "timestamp": "1769384072537", "event_type": "price_change"}}
