{"_local_timestamp": "2026-01-25T23:34:17.545208+00:00", "data": [{"market": "0xc4ab69f275873c01d82e1ec3599fc2de754a331ce8016d039e3a17df33b3e811", "asset_id": "28969163198338678876511496570483675945188281671506131709748060595247135212181", "timestamp": "1769383461160", "hash": "a414c7bf81d0a2984abc745590f997c1a402dc61", "bids": [{"price": "0.01", "size": "14.84"}, {"price": "0.03", "size": "100"}, {"price": "0.04", "size": "5.05"}, {"price": "0.08", "size": "100"}, {"price": "0.09", "size": "6.36"}, {"price": "0.14", "size": "50"}, {"price": "0.2", "size": "200"}, {"price": "0.55", "size": "1398"}], "asks": [{"price": "0.99", "size": "14.45"}, {"price": "0.97", "size": "100"}, {"price": "0.96", "size": "5.61"}, {"price": "0.92", "size": "100"}, {"price": "0.91", "size": "7.01"}, {"price": "0.6", "size": "1313"}], "event_type": "book", "last_trade_price": "0.560"}, {"market": "0x4d27ab452598546f07e48857a0541410a1dc8ac2ed6bee9cf20f161d4422b75c", "asset_id": "102787030895862989787601223106893171380153069856173167635785184874379390073499", "timestamp": "1769378129712", "hash": "578f566f7a32cd54563967bf6d44e1f12b4b1560", "bids": [{"price": "0.01", "size": "14.3"}], "asks": [{"price": "0.99", "size": "35.12"}, {"price": "0.96", "size": "5.47"}, {"price": "0.95", "size": "5.47"}], "event_type": "book", "last_trade_price": ""}, {"market": "0xf79be832f07e40c25e75c813d0677264b3dab50d3038140072c74b71081bcde1", "asset_id": "5084163006499060540497625364038978213871774380101289400527464403692516048054", "timestamp": "1769383462239", "hash": "4c0abc8fa318f3975a30f6c046af65557473eb38", "bids": [{"price": "0.01", "size": "14.98"}, {"price": "0.03", "size": "100"}, {"price": "0.04", "size": "5.12"}, {"price": "0.08", "size": "100"}, {"price": "0.09", "size": "7.17"}, {"price": "0.14", "size": "50"}, {"price": "0.2", "size": "200"}, {"price": "0.52", "size": "1447"}, {"price": "0.55", "size": "6"}], "asks": [{"price": "0.99", "size": "15.04"}, {"price": "0.97", "size": "100"}, {"price": "0.96", "size": "5.47"}, {"price": "0.92", "size": "100"}, {"price": "0.91", "size": "7"}, {"price": "0.57", "size": "1216"}], "event_type": "book", "last_trade_price": "0.550"}, {"market": "0x234399959a5ed4c22a6369ba254291834c503f128547433507322b478da7b6b0", "asset_id": "43751763720850687932267826358467885963296871491351664173640942664336811115210", "timestamp": "1769383878450", "hash": "14d67151dea23dca2f7b6cda5448b93ce958d119", "bids": [{"price": "0.01", "size": "14.51"}, {"price": "0.03", "size": "100"}, {"price": "0.04", "size": "5.51"}, {"price": "0.08", "size": "100"}, {"price": "0.09", "size": "7.05"}, {"price": "0.41", "size": "1280"}, {"price": "0.44", "size": "5"}], "asks": [{"price": "0.99", "size": "14.84"}, {"price": "0.97", "size": "100"}, {"price": "0.96", "size": "5.05"}, {"price": "0.92", "size": "100"}, {"price": "0.91", "size": "6.36"}, {"price": "0.86", "size": "50"}, {"price": "0.8", "size": "200"}, {"price": "0.46", "size": "1414"}], "event_type": "book", "last_trade_price": "0.550"}, {"market": "0xf79be832f07e40c25e75c813d0677264b3dab50d3038140072c74b71081bcde1", "asset_id": "38362135793484334451520001567708986240662603430752001735916576727929749634361", "timestamp": "1769383462239", "hash": "af3b8c9ccaf93d9334fc60f274d8e7b9313d22c7", "bids": [{"price": "0.01", "size": "15.04"}, {"price": "0.03", "size": "100"}, {"price": "0.04", "size": "5.47"}, {"price": "0.08", "size": "100"}, {"price": "0.09", "size": "7"}, {"price": "0.43", "size": "1216"}], "asks": [{"price": "0.99", "size": "14.98"}, {"price": "0.97", "size": "100"}, {"price": "0.96", "size": "5.12"}, {"price": "0.92", "size": "100"}, {"price": "0.91", "size": "7.17"}, {"price": "0.86", "size": "50"}, {"price": "0.8", "size": "200"}, {"price": "0.48", "size": "1447"}, {"price": "0.45", "size": "6"}], "event_type": "book", "last_trade_price": "0.550"}, {"market": "0xc4ab69f275873c01d82e1ec3599fc2de754a331ce8016d039e3a17df33b3e811", "asset_id": "86804124379900162952656622319795927072054195128553674616110661083493606918460", "timestamp": "1769383461160", "hash": "d71071967b9cbbb28c58a4c0c19753c53450d8a6", "bids": [{"price": "0.01", "size": "14.45"}, {"price": "0.03", "size": "100"}, {"price": "0.04", "size": "5.61"}, {"price": "0.08", "size": "100"}, {"price": "0.09", "size": "7.01"}, {"price": "0.4", "size": "1313"}], "asks": [{"price": "0.99", "size": "14.84"}, {"price": "0.97", "size": "100"}, {"price": "0.96", "size": "5.05"}, {"price": "0.92", "size": "100"}, {"price": "0.91", "size": "6.36"}, {"price": "0.86", "size": "50"}, {"price": "0.8", "size": "200"}, {"price": "0.45", "size": "1398"}], "event_type": "book", "last_trade_price": "0.560"}, {"market": "0x2603678ab07471eb733117c3994513130b9f18ed03e5a5ab418658082337e834", "asset_id": "10617973766388210800264298606112207150419890243617468988222067491669088740570", "timestamp": "1769384056966", "hash": "69d9bd4f2ae1df64be0a4d0c3bad3790ee0c3965", "bids": [{"price": "0.01", "size": "34.71"}, {"price": "0.73", "size": "360"}], "asks": [{"price": "0.99", "size": "58.45"}, {"price": "0.8", "size": "469"}], "event_type": "book", "last_trade_price": ""}, {"market": "0x533a81505ca2248be288a01947ecfce42d87b23d1a00700fb04fdf24aebdcaa5", "asset_id": "46687812117474109512932340164360891605335389811217020188139415372827733579944", "timestamp": "1769383878450", "hash": "acf5ab839bdbd98caecb74221f016575229ce46a", "bids": [{"price": "0.01", "size": "10.66"}, {"price": "0.03", "size": "100"}, {"price": "0.04", "size": "5.33"}, {"price": "0.08", "size": "100"}, {"price": "0.09", "size": "7.55"}, {"price": "0.14", "size": "50"}, {"price": "0.45", "size": "1167"}], "asks": [{"price": "0.99", "size": "14.68"}, {"price": "0.97", "size": "100"}, {"price": "0.96", "size": "5.14"}, {"price": "0.92", "size": "100"}, {"price": "0.91", "size": "6.33"}, {"price": "0.86", "size": "50"}, {"price": "0.51", "size": "1071"}], "event_type": "book", "last_trade_price": ""}, {"market": "0xcf0915e44e1373ba8674b71f0ce9d073c928828fdfcc2be2ca15becaec57fe40", "asset_id": "74923745968257315934265628385982863730263587676962670180139007524135919914988", "timestamp": "1769383897005", "hash": "aeb2cf1d6ac98702906f4295a9e181b609a940bd", "bids": [{"price": "0.01", "size": "614.74"}, {"price": "0.03", "size": "1100"}, {"price": "0.04", "size": "6.72"}, {"price": "0.08", "size": "100"}, {"price": "0.1", "size": "700"}, {"price": "0.11", "size": "5.3"}, {"price": "0.14", "size": "50"}, {"price": "0.2", "size": "400"}, {"price": "0.27", "size": "200"}, {"price": "0.5", "size": "600"}, {"price": "0.53", "size": "100"}, {"price": "0.54", "size": "175"}, {"price": "0.57", "size": "6000"}, {"price": "0.58", "size": "13615"}, {"price": "0.59", "size": "46095.12"}, {"price": "0.6", "size": "22972.49"}], "asks": [{"price": "0.99", "size": "600"}, {"price": "0.98", "size": "5.7"}, {"price": "0.97", "size": "1100"}, {"price": "0.96", "size": "7.02"}, {"price": "0.92", "size": "600"}, {"price": "0.91", "size": "6.72"}, {"price": "0.75", "size": "5"}, {"price": "0.73", "size": "200"}, {"price": "0.65", "size": "100"}, {"price": "0.64", "size": "100"}, {"price": "0.63", "size": "6010"}, {"price": "0.62", "size": "7382"}, {"price": "0.61", "size": "15478.19"}], "event_type": "book", "last_trade_price": "0.390"}, {"market": "0xa3c628910f0a20e13579bef5224cff95e718a3a897df106d2bc2fe2723b09bfb", "asset_id": "8261830618009994723978294775562584882310429641291213441777939893396892944713", "timestamp": "1769378345771", "hash": "741024119aab2c52d83fbc7a6ce585919ee8d7be", "bids": [{"price": "0.01", "size": "19.71"}, {"price": "0.02", "size": "5.47"}], "asks": [{"price": "0.99", "size": "14.3"}], "event_type": "book", "last_trade_price": ""}, {"market": "0x4d27ab452598546f07e48857a0541410a1dc8ac2ed6bee9cf20f161d4422b75c", "asset_id": "70060978685726449529196552335977014299771519608428050279854635471310424729276", "timestamp": "1769378129712", "hash": "a230e112d2c221306a8e7ec69bc85034289decec", "bids": [{"price": "0.01", "size": "35.12"}, {"price": "0.04", "size": "5.47"}, {"price": "0.05", "size": "5.47"}], "asks": [{"price": "0.99", "size": "14.3"}], "event_type": "book", "last_trade_price": ""}, {"market": "0x234399959a5ed4c22a6369ba254291834c503f128547433507322b478da7b6b0", "asset_id": "65871133715141984354705415850235881957198349538841542921806656657482781544241", "timestamp": "1769383878450", "hash": "d447e9ea0be01b060df1d1d4b22548d0664c1a18", "bids": [{"price": "0.01", "size": "14.84"}, {"price": "0.03", "size": "100"}, {"price": "0.04", "size": "5.05"}, {"price": "0.08", "size": "100"}, {"price": "0.09", "size": "6.36"}, {"price": "0.14", "size": "50"}, {"price": "0.2", "size": "200"}, {"price": "0.54", "size": "1414"}], "asks": [{"price": "0.99", "size": "14.51"}, {"price": "0.97", "size": "100"}, {"price": "0.96", "size": "5.51"}, {"price": "0.92", "size": "100"}, {"price": "0.91", "size": "7.05"}, {"price": "0.59", "size": "1280"}, {"price": "0.56", "size": "5"}], "event_type": "book", "last_trade_price": "0.550"}, {"market": "0xa3c628910f0a20e13579bef5224cff95e718a3a897df106d2bc2fe2723b09bfb", "asset_id": "25630414373966705133730427866064557901476495999642607213573889373769678998049", "timestamp": "1769378345771", "hash": "58f6d886e165b3dc248a195b22281b239e83adb4", "bids": [{"price": "0.01", "size": "14.3"}], "asks": [{"price": "0.99", "size": "19.71"}, {"price": "0.98", "size": "5.47"}], "event_type": "book", "last_trade_price": ""}, {"market": "0xf768e7e853e31bce351b1e72a339114ba7795690d7764f28457a7818a77bb2c8", "asset_id": "51780717766619332237134216812387557287074762163318339417409710508597496839725", "timestamp": "1769384054350", "hash": "8ba7f5dd5b75b36bb9a47a895139aa39eaa0ae40", "bids": [{"price": "0.01", "size": "99.98"}, {"price": "0.26", "size": "334"}], "asks": [{"price": "0.99", "size": "34.87"}, {"price": "0.32", "size": "386"}], "event_type": "book", "last_trade_price": "0.260"}, {"market": "0xf768e7e853e31bce351b1e72a339114ba7795690d7764f28457a7818a77bb2c8", "asset_id": "34483656870152287628482131354405616379245527782103018259423060655713832226233", "timestamp": "1769384054350", "hash": "d6cd4f6b0e1968ee092f59840bccdc40e45412d6", "bids": [{"price": "0.01", "size": "34.87"}, {"price": "0.68", "size": "386"}], "asks": [{"price": "0.99", "size": "99.98"}, {"price": "0.74", "size": "334"}], "event_type": "book", "last_trade_price": "0.260"}, {"market": "0x2603678ab07471eb733117c3994513130b9f18ed03e5a5ab418658082337e834", "asset_id": "76611829333312345830423823662974123578673875822426642099007495545449187336045", "timestamp": "1769384056966", "hash": "1f0919b356bf7de694a01cc8f41e85bba5cbf098", "bids": [{"price": "0.01", "size": "58.45"}, {"price": "0.2", "size": "469"}], "asks": [{"price": "0.99", "size": "34.71"}, {"price": "0.27", "size": "360"}], "event_type": "book", "last_trade_price": ""}, {"market": "0x499af025a90ae810f3460f13e3852d31d3359372170ca71c945dea3f461b2aed", "asset_id": "100710442034897112893595169703770002425742410327658414840912179352720460897477", "timestamp": "1769377804956", "hash": "73144f676fff8dad7d3bd60006be5b999584b8db", "bids": [{"price": "0.01", "size": "14.3"}], "asks": [{"price": "0.99", "size": "19.71"}, {"price": "0.98", "size": "5.47"}], "event_type": "book", "last_trade_price": ""}, {"market": "0x533a81505ca2248be288a01947ecfce42d87b23d1a00700fb04fdf24aebdcaa5", "asset_id": "115187750711915280094433093839714601273694837819836516553878918058217361080166", "timestamp": "1769383878450", "hash": "339811e5992374232a4f4b08842823984f2291f5", "bids": [{"price": "0.01", "size": "14.68"}, {"price": "0.03", "size": "100"}, {"price": "0.04", "size": "5.14"}, {"price": "0.08", "size": "100"}, {"price": "0.09", "size": "6.33"}, {"price": "0.14", "size": "50"}, {"price": "0.49", "size": "1071"}], "asks": [{"price": "0.99", "size": "10.66"}, {"price": "0.97", "size": "100"}, {"price": "0.96", "size": "5.33"}, {"price": "0.92", "size": "100"}, {"price": "0.91", "size": "7.55"}, {"price": "0.86", "size": "50"}, {"price": "0.55", "size": "1167"}], "event_type": "book", "last_trade_price": ""}, {"market": "0x499af025a90ae810f3460f13e3852d31d3359372170ca71c945dea3f461b2aed", "asset_id": "84075950183508260295696436954119050546330324940733096914045706695956853551555", "timestamp": "1769377804956", "hash": "c544c0d0dff408f7bc273f2bd32f35d7173a1f0e", "bids": [{"price": "0.01", "size": "19.71"}, {"price": "0.02", "size": "5.47"}], "asks": [{"price": "0.99", "size": "14.3"}], "event_type": "book", "last_trade_price": ""}, {"market": "0xcf0915e44e1373ba8674b71f0ce9d073c928828fdfcc2be2ca15becaec57fe40", "asset_id": "8619289127082315589114815999409125381327269791350462481647741353946458653829", "timestamp": "1769383897005", "hash": "13d975ae80659c54be9d85c75a4094bab7e2c176", "bids": [{"price": "0.01", "size": "600"}, {"price": "0.02", "size": "5.7"}, {"price": "0.03", "size": "1100"}, {"price": "0.04", "size": "7.02"}, {"price": "0.08", "size": "600"}, {"price": "0.09", "size": "6.72"}, {"price": "0.25", "size": "5"}, {"price": "0.27", "size": "200"}, {"price": "0.35", "size": "100"}, {"price": "0.36", "size": "100"}, {"price": "0.37", "size": "6010"}, {"price": "0.38", "size": "7382"}, {"price": "0.39", "size": "15478.19"}], "asks": [{"price": "0.99", "size": "614.74"}, {"price": "0.97", "size": "1100"}, {"price": "0.96", "size": "6.72"}, {"price": "0.92", "size": "100"}, {"price": "0.9", "size": "700"}, {"price": "0.89", "size": "5.3"}, {"price": "0.86", "size": "50"}, {"price": "0.8", "size": "400"}, {"price": "0.73", "size": "200"}, {"price": "0.5", "size": "600"}, {"price": "0.47", "size": "100"}, {"price": "0.46", "size": "175"}, {"price": "0.43", "size": "6000"}, {"price": "0.42", "size": "13615"}, {"price": "0.41", "size": "46095.12"}, {"price": "0.4", "size": "22972.49"}], "event_type": "book", "last_trade_price": "0.390"}]}
{"_local_timestamp": "2026-01-25T23:34:18.345380+00:00", "data": {"market": "0x2603678ab07471eb733117c3994513130b9f18ed03e5a5ab418658082337e834", "price_changes": [{"asset_id": "76611829333312345830423823662974123578673875822426642099007495545449187336045", "price": "0.01", "size": "16.91", "side": "BUY", "hash": "7071761186e7fafb467d5e528212953593539e48", "best_bid": "0.2", "best_ask": "0.27"}, {"asset_id": "10617973766388210800264298606112207150419890243617468988222067491669088740570", "price": "0.99", "size": "16.91", "side": "SELL", "hash": "2f01ead86eb70420552cd803eaf5ef1d65da3ef6", "best_bid": "0.73", "best_ask": "0.8"}], "timestamp": "1769384058279", "event_type": "price_change"}}
{"_local_timestamp": "2026-01-25T23:34:18.548939+00:00", "data": {"market": "0x2603678ab07471eb733117c3994513130b9f18ed03e5a5ab418658082337e834", "price_changes": [{"asset_id": "76611829333312345830423823662974123578673875822426642099007495545449187336045", "price": "0.01", "size": "58.45", "side": "BUY", "hash": "8b4a180660075c463d6b99bc6ad9b826413b27ec", "best_bid": "0.2", "best_ask": "0.27"}, {"asset_id": "10617973766388210800264298606112207150419890243617468988222067491669088740570", "price": "0.99", "size": "58.45", "side": "SELL", "hash": "f718ef750a2321ff107b9c984223eb0fd6fb2c77", "best_bid": "0.73", "best_ask": "0.8"}], "timestamp": "1769384058485", "event_type": "price_change"}}
{"_local_timestamp": "2026-01-25T23:34:18.549328+00:00", "data": {"market": "0x2603678ab07471eb733117c3994513130b9f18ed03e5a5ab418658082337e834", "price_changes": [{"asset_id": "76611829333312345830423823662974123578673875822426642099007495545449187336045", "price": "0.01", "size": "99.99", "side": "BUY", "hash": "8e08b90932ba6fa76043375824b2892b2ba06a0b", "best_bid": "0.2", "best_ask": "0.27"}, {"asset_id": "10617973766388210800264298606112207150419890243617468988222067491669088740570", "price": "0.99", "size": "99.99", "side": "SELL", "hash": "18fa6bd43461192c29cb98cb1b9b6a1321f24081", "best_bid": "0.73", "best_ask": "0.8"}], "timestamp": "1769384058485", "event_type": "price_change"}}
{"_local_timestamp": "2026-01-25T23:34:20.216936+00:00", "data": {"market": "0xf768e7e853e31bce351b1e72a339114ba7795690d7764f28457a7818a77bb2c8", "price_changes": [{"asset_id": "51780717766619332237134216812387557287074762163318339417409710508597496839725", "price": "0.01", "size": "56.38", "side": "BUY", "hash": "a8789a4da99d02d39aa19de9b0434f2d56bfc0f1", "best_bid": "0.26", "best_ask": "0.32"}, {"asset_id": "34483656870152287628482131354405616379245527782103018259423060655713832226233", "price": "0.99", "size": "56.38", "side": "SELL", "hash": "5b01044b4de007dc1544a8c2125d30fd850b368b", "best_bid": "0.68", "best_ask": "0.74"}], "timestamp": "1769384060149", "event_type": "price_change"}}
{"_local_timestamp": "2026-01-25T23:34:22.708918+00:00", "data": {"market": "0x2603678ab07471eb733117c3994513130b9f18ed03e5a5ab418658082337e834", "price_changes": [{"asset_id": "76611829333312345830423823662974123578673875822426642099007495545449187336045", "price": "0.01", "size": "58.45", "side": "BUY", "hash": "d637fcbb2bc9956498d3807d356a2e466704ab38", "best_bid": "0.2", "best_ask": "0.27"}, {"asset_id": "10617973766388210800264298606112207150419890243617468988222067491669088740570", "price": "0.99", "size": "58.45", "side": "SELL", "hash": "4a83008a5e6d687393fccf0bf49f237d85d6200b", "best_bid": "0.73", "best_ask": "0.8"}], "timestamp": "1769384062642", "event_type": "price_change"}}
{"_local_timestamp": "2026-01-25T23:34:23.543264+00:00", "data": {"market": "0xf768e7e853e31bce351b1e72a339114ba7795690d7764f28457a7818a77bb2c8", "price_changes": [{"asset_id": "51780717766619332237134216812387557287074762163318339417409710508597496839725", "price": "0.01", "size": "12.78", "side": "BUY", "hash": "2cd4775f6f5c088082c56229f207f903b975c7e0", "best_bid": "0.26", "best_ask": "0.32"}, {"asset_id": "34483656870152287628482131354405616379245527782103018259423060655713832226233", "price": "0.99", "size": "12.78", "side": "SELL", "hash": "5dfe8c5d29e340e8ec7ef6f579ebafc8d2eec034", "best_bid": "0.68", "best_ask": "0.74"}], "timestamp": "1769384063472", "event_type": "price_change"}}
{"_local_timestamp": "2026-01-25T23:34:23.769172+00:00", "data": {"market": "0xf768e7e853e31bce351b1e72a339114ba7795690d7764f28457a7818a77bb2c8", "price_changes": [{"asset_id": "51780717766619332237134216812387557287074762163318339417409710508597496839725", "price": "0.01", "size": "56.38", "side": "BUY", "hash": "f81aba73b8abcf47c0dcad662fe1662b2f586de5", "best_bid": "0.26", "best_ask": "0.32"}, {"asset_id": "34483656870152287628482131354405616379245527782103018259423060655713832226233", "price": "0.99", "size": "56.38", "side": "SELL", "hash": "042d88f82441dbf0756d7a11210b859199536369", "best_bid": "0.68", "best_ask": "0.74"}], "timestamp": "1769384063704", "event_type": "price_change"}}
{"_local_timestamp": "2026-01-25T23:34:23.770489+00:00", "data": {"market": "0xf768e7e853e31bce351b1e72a339114ba7795690d7764f28457a7818a77bb2c8", "price_changes": [{"asset_id": "51780717766619332237134216812387557287074762163318339417409710508597496839725", "price": "0.01", "size": "99.98", "side": "BUY", "hash": "5d6e02690a782d78702bd7ef2a06262ee65dcc9b", "best_bid": "0.26", "best_ask": "0.32"}, {"asset_id": "34483656870152287628482131354405616379245527782103018259423060655713832226233", "price": "0.99", "size": "99.98", "side": "SELL", "hash": "84dae6e7ff86d9abb58169de9a2163aaef7c3cf4", "best_bid": "0.68", "best_ask": "0.74"}], "timestamp": "1769384063705", "event_type": "price_change"}}
{"_local_timestamp": "2026-01-25T23:34:24.594147+00:00", "data": {"market": "0x2603678ab07471eb733117c3994513130b9f18ed03e5a5ab418658082337e834", "price_changes": [{"asset_id": "10617973766388210800264298606112207150419890243617468988222067491669088740570", "price": "0.78", "size": "9.16", "side": "BUY", "hash": "996f38772394c914663e381acd57d59d86b3b95c", "best_bid": "0.78", "best_ask": "0.8"}, {"asset_id": "76611829333312345830423823662974123578673875822426642099007495545449187336045", "price": "0.22", "size": "9.16", "side": "SELL", "hash": "2e7d4bff0a7ad400bf912c9a6fddcf3ea98712eb", "best_bid": "0.2", "best_ask": "0.22"}], "timestamp": "1769384064520", "event_type": "price_change"}}
{"_local_timestamp": "2026-01-25T23:34:26.125437+00:00", "data": {"market": "0x2603678ab07471eb733117c3994513130b9f18ed03e5a5ab418658082337e834", "price_changes": [{"asset_id": "76611829333312345830423823662974123578673875822426642099007495545449187336045", "price": "0.01", "size": "16.91", "side": "BUY", "hash": "131fe3abf60190bc88361ace914c028f9e8596d3", "best_bid": "0.2", "best_ask": "0.22"}, {"asset_id": "10617973766388210800264298606112207150419890243617468988222067491669088740570", "price": "0.99", "size": "16.91", "side": "SELL", "hash": "a0bdcefed00fd8d2483d8cc2b053e324c266f9b1", "best_bid": "0.78", "best_ask": "0.8"}], "timestamp": "1769384066029", "event_type": "price_change"}}
{"_local_timestamp": "2026-01-25T23:34:33.463158+00:00", "data": {"market": "0xf768e7e853e31bce351b1e72a339114ba7795690d7764f28457a7818a77bb2c8", "price_changes": [{"asset_id": "51780717766619332237134216812387557287074762163318339417409710508597496839725", "price": "0.01", "size": "56.38", "side": "BUY", "hash": "89cee995e82572c4d8d42dc51aa9fc641a5d3998", "best_bid": "0.26", "best_ask": "0.32"}, {"asset_id": "34483656870152287628482131354405616379245527782103018259423060655713832226233", "price": "0.99", "size": "56.38", "side": "SELL", "hash": "609a78b6f8825c03f7c6a7bb8c3b776a271cb737", "best_bid": "0.68", "best_ask": "0.74"}], "timestamp": "1769384073391", "event_type": "price_change"}}
{"_local_timestamp": "2026-01-25T23:34:35.182765+00:00", "data": {"market": "0xf768e7e853e31bce351b1e72a339114ba7795690d7764f28457a7818a77bb2c8", "price_changes": [{"asset_id": "51780717766619332237134216812387557287074762163318339417409710508597496839725", "price": "0.01", "size": "12.78", "side": "BUY", "hash": "916757c52b0254de04d88c23d24b11efb7d8d9a8", "best_bid": "0.26", "best_ask": "0.32"}, {"asset_id": "34483656870152287628482131354405616379245527782103018259423060655713832226233", "price": "0.99", "size": "12.78", "side": "SELL", "hash": "9b03a178caf0e76a3bd5981102c969fcb4a09652", "best_bid": "0.68", "best_ask": "0.74"}], "timestamp": "1769384075094", "event_type": "price_change"}}
{"_local_timestamp": "2026-01-25T23:34:35.481070+00:00", "data": {"market": "0xf768e7e853e31bce351b1e72a339114ba7795690d7764f28457a7818a77bb2c8", "price_changes": [{"asset_id": "51780717766619332237134216812387557287074762163318339417409710508597496839725", "price": "0.01", "size": "56.38", "side": "BUY", "hash": "12d6bd3fbcfa7396e54e3f891a2b513fe1465c1c", "best_bid": "0.26", "best_ask": "0.32"}, {"asset_id": "34483656870152287628482131354405616379245527782103018259423060655713832226233", "price": "0.99", "size": "56.38", "side": "SELL", "hash": "601b826ee222f7f6a61458e1fadd20d375d2e35d", "best_bid": "0.68", "best_ask": "0.74"}], "timestamp": "1769384075410", "event_type": "price_change"}}
{"_local_timestamp": "2026-01-25T23:34:35.489716+00:00", "data": {"market": "0xf768e7e853e31bce351b1e72a339114ba7795690d7764f28457a7818a77bb2c8", "price_changes": [{"asset_id": "51780717766619332237134216812387557287074762163318339417409710508597496839725", "price": "0.01", "size": "99.98", "side": "BUY", "hash": "d8676ad6606325a64f5407f9e431ef08f2f321df", "best_bid": "0.26", "best_ask": "0.32"}, {"asset_id": "34483656870152287628482131354405616379245527782103018259423060655713832226233", "price": "0.99", "size": "99.98", "side": "SELL", "hash": "be088e69fe4f82ba26b6fa2abd2d5056ff3daa4d", "best_bid": "0.68", "best_ask": "0.74"}], "timestamp": "1769384075410", "event_type": "price_change"}}
{"_local_timestamp": "2026-01-25T23:34:39.331388+00:00", "data": {"market": "0x2603678ab07471eb733117c3994513130b9f18ed03e5a5ab418658082337e834", "price_changes": [{"asset_id": "10617973766388210800264298606112207150419890243617468988222067491669088740570", "price": "0.78", "size": "0", "side": "BUY", "hash": "ef7882eeb2c70889066b71ca691afe37aff89fde", "best_bid": "0.73", "best_ask": "0.8"}, {"asset_id": "76611829333312345830423823662974123578673875822426642099007495545449187336045", "price": "0.22", "size": "0", "side": "SELL", "hash": "e9bd299d685e2d20ff5a29bd2fd9fc16cfcc20c5", "best_bid": "0.2", "best_ask": "0.27"}], "timestamp": "1769384079196", "event_type": "price_change"}}
{"_local_timestamp": "2026-01-25T23:34:40.334580+00:00", "data": {"market": "0xf768e7e853e31bce351b1e72a339114ba7795690d7764f28457a7818a77bb2c8", "price_changes": [{"asset_id": "51780717766619332237134216812387557287074762163318339417409710508597496839725", "price": "0.01", "size": "56.38", "side": "BUY", "hash": "83593d30de388bcc0e224d402fe3dfb0afa4d913", "best_bid": "0.26", "best_ask": "0.32"}, {"asset_id": "34483656870152287628482131354405616379245527782103018259423060655713832226233", "price": "0.99", "size": "56.38", "side": "SELL", "hash": "b91aed9006b5febeb3bda8defc173c3f34d3510b", "best_bid": "0.68", "best_ask": "0.74"}], "timestamp": "1769384080173", "event_type": "price_change"}}
{"_local_timestamp": "2026-01-25T23:34:40.565698+00:00", "data": {"market": "0xf768e7e853e31bce351b1e72a339114ba7795690d7764f28457a7818a77bb2c8", "price_changes": [{"asset_id": "51780717766619332237134216812387557287074762163318339417409710508597496839725", "price": "0.02", "size": "10.9", "side": "BUY", "hash": "078c709b569429d2f201c472ace35da3cdca8df3", "best_bid": "0.26", "best_ask": "0.32"}, {"asset_id": "34483656870152287628482131354405616379245527782103018259423060655713832226233", "price": "0.98", "size": "10.9", "side": "SELL", "hash": "c01aaf7ee6868b8af0227a738947529257c68c23", "best_bid": "0.68", "best_ask": "0.74"}], "timestamp": "1769384080366", "event_type": "price_change"}}
{"_local_timestamp": "2026-01-25T23:34:40.590428+00:00", "data": {"market": "0xf768e7e853e31bce351b1e72a339114ba7795690d7764f28457a7818a77bb2c8", "price_changes": [{"asset_id": "51780717766619332237134216812387557287074762163318339417409710508597496839725", "price": "0.02", "size": "21.8", "side": "BUY", "hash": "ac450863386c977ee72e4742208f59b4ef867493", "best_bid": "0.26", "best_ask": "0.32"}, {"asset_id": "34483656870152287628482131354405616379245527782103018259423060655713832226233", "price": "0.98", "size": "21.8", "side": "SELL", "hash": "564f08f988d5303be01d1a87ccff78cdb11e85d6", "best_bid": "0.68", "best_ask": "0.74"}], "timestamp": "1769384080368", "event_type": "price_change"}}
{"_local_timestamp": "2026-01-25T23:34:41.859786+00:00", "data": {"market": "0x2603678ab07471eb733117c3994513130b9f18ed03e5a5ab418658082337e834", "price_changes": [{"asset_id": "76611829333312345830423823662974123578673875822426642099007495545449187336045", "price": "0.01", "size": "58.45", "side": "BUY", "hash": "23296aa4cc953677bf746d713b6a34764431b9b0", "best_bid": "0.2", "best_ask": "0.27"}, {"asset_id": "10617973766388210800264298606112207150419890243617468988222067491669088740570", "price": "0.99", "size": "58.45", "side": "SELL", "hash": "1230b06a8798ba80f33496d7496f35ac10976ad4", "best_bid": "0.73", "best_ask": "0.8"}], "timestamp": "1769384081788", "event_type": "price_change"}}
{"_local_timestamp": "2026-01-25T23:34:41.860369+00:00", "data": {"market": "0x2603678ab07471eb733117c3994513130b9f18ed03e5a5ab418658082337e834", "price_changes": [{"asset_id": "76611829333312345830423823662974123578673875822426642099007495545449187336045", "price": "0.01", "size": "99.99", "side": "BUY", "hash": "080cbb2d999d4ddf30c55d41bfe376e989c7d99d", "best_bid": "0.2", "best_ask": "0.27"}, {"asset_id": "10617973766388210800264298606112207150419890243617468988222067491669088740570", "price": "0.99", "size": "99.99", "side": "SELL", "hash": "f3e278fa729150c7632b46908685fcaf992dc6af", "best_bid": "0.73", "best_ask": "0.8"}], "timestamp": "1769384081789", "event_type": "price_change"}}
{"_local_timestamp": "2026-01-25T23:34:42.830464+00:00", "data": {"market": "0xf768e7e853e31bce351b1e72a339114ba7795690d7764f28457a7818a77bb2c8", "price_changes": [{"asset_id": "51780717766619332237134216812387557287074762163318339417409710508597496839725", "price": "0.01", "size": "12.78", "side": "BUY", "hash": "5656dc3923b50fd3d5ae00fcbd32a8a3486a5c5b", "best_bid": "0.26", "best_ask": "0.32"}, {"asset_id": "34483656870152287628482131354405616379245527782103018259423060655713832226233", "price": "0.99", "size": "12.78", "side": "SELL", "hash": "2860a0459df0a8df75ac5684f70dbdc54243bd3f", "best_bid": "0.68", "best_ask": "0.74"}], "timestamp": "1769384082766", "event_type": "price_change"}}
{"_local_timestamp": "2026-01-25T23:34:42.833913+00:00", "data": {"market": "0xf768e7e853e31bce351b1e72a339114ba7795690d7764f28457a7818a77bb2c8", "price_changes": [{"asset_id": "51780717766619332237134216812387557287074762163318339417409710508597496839725", "price": "0.02", "size": "10.9", "side": "BUY", "hash": "5656dc3923b50fd3d5ae00fcbd32a8a3486a5c5b", "best_bid": "0.26", "best_ask": "0.32"}, {"asset_id": "34483656870152287628482131354405616379245527782103018259423060655713832226233", "price": "0.98", "size": "10.9", "side": "SELL", "hash": "2860a0459df0a8df75ac5684f70dbdc54243bd3f", "best_bid": "0.68", "best_ask": "0.74"}], "timestamp": "1769384082766", "event_type": "price_change"}}
{"_local_timestamp": "2026-01-25T23:34:43.119846+00:00", "data": {"market": "0xf768e7e853e31bce351b1e72a339114ba7795690d7764f28457a7818a77bb2c8", "price_changes": [{"asset_id": "51780717766619332237134216812387557287074762163318339417409710508597496839725", "price": "0.01", "size": "45.49", "side": "BUY", "hash": "b08377fb424b641121895a31a96cf04df87e21e9", "best_bid": "0.26", "best_ask": "0.32"}, {"asset_id": "34483656870152287628482131354405616379245527782103018259423060655713832226233", "price": "0.99", "size": "45.49", "side": "SELL", "hash": "d20a092d7b04af3494c0d5a8c3b1829eea091cff", "best_bid": "0.68", "best_ask": "0.74"}], "timestamp": "1769384083023", "event_type": "price_change"}}
{"_local_timestamp": "2026-01-25T23:34:43.126580+00:00", "data": {"market": "0xf768e7e853e31bce351b1e72a339114ba7795690d7764f28457a7818a77bb2c8", "price_changes": [{"asset_id": "51780717766619332237134216812387557287074762163318339417409710508597496839725", "price": "0.01", "size": "78.2", "side": "BUY", "hash": "eb13482f6eddbded4e6971842cc07950033f9ca0", "best_bid": "0.26", "best_ask": "0.32"}, {"asset_id": "34483656870152287628482131354405616379245527782103018259423060655713832226233", "price": "0.99", "size": "78.2", "side": "SELL", "hash": "8f6d7ad19594f3954d4af47604f3e82f532b86c9", "best_bid": "0.68", "best_ask": "0.74"}], "timestamp": "1769384083023", "event_type": "price_change"}}
{"_local_timestamp": "2026-01-25T23:34:44.414316+00:00", "data": {"market": "0x2603678ab07471eb733117c3994513130b9f18ed03e5a5ab418658082337e834", "price_changes": [{"asset_id": "76611829333312345830423823662974123578673875822426642099007495545449187336045", "price": "0.01", "size": "58.45", "side": "BUY", "hash": "c2b484d252095710af207a6a8b25913ef964c8f1", "best_bid": "0.2", "best_ask": "0.27"}, {"asset_id": "10617973766388210800264298606112207150419890243617468988222067491669088740570", "price": "0.99", "size": "58.45", "side": "SELL", "hash": "83ccf5d26c89281d5ee6f8f0a5e267c5f6675068", "best_bid": "0.73", "best_ask": "0.8"}], "timestamp": "1769384084332", "event_type": "price_change"}}
{"_local_timestamp": "2026-01-25T23:34:45.242553+00:00", "data": {"market": "0xf768e7e853e31bce351b1e72a339114ba7795690d7764f28457a7818a77bb2c8", "price_changes": [{"asset_id": "51780717766619332237134216812387557287074762163318339417409710508597496839725", "price": "0.01", "size": "45.49", "side": "BUY", "hash": "5ca6becec2365c9f9fd3708a08e01e28d7452513", "best_bid": "0.26", "best_ask": "0.32"}, {"asset_id": "34483656870152287628482131354405616379245527782103018259423060655713832226233", "price": "0.99", "size": "45.49", "side": "SELL", "hash": "9c73bd85e67129929780d0ce25dee28d5ed6307e", "best_bid": "0.68", "best_ask": "0.74"}], "timestamp": "1769384085173", "event_type": "price_change"}}
{"_local_timestamp": "2026-01-25T23:34:45.243008+00:00", "data": {"market": "0xf768e7e853e31bce351b1e72a339114ba7795690d7764f28457a7818a77bb2c8", "price_changes": [{"asset_id": "51780717766619332237134216812387557287074762163318339417409710508597496839725", "price": "0.02", "size": "0", "side": "BUY", "hash": "5ca6becec2365c9f9fd3708a08e01e28d7452513", "best_bid": "0.26", "best_ask": "0.32"}, {"asset_id": "34483656870152287628482131354405616379245527782103018259423060655713832226233", "price": "0.98", "size": "0", "side": "SELL", "hash": "9c73bd85e67129929780d0ce25dee28d5ed6307e", "best_bid": "0.68", "best_ask": "0.74"}], "timestamp": "1769384085173", "event_type": "price_change"}}
{"_local_timestamp": "2026-01-25T23:34:47.262334+00:00", "data": {"market": "0xf768e7e853e31bce351b1e72a339114ba7795690d7764f28457a7818a77bb2c8", "price_changes": [{"asset_id": "51780717766619332237134216812387557287074762163318339417409710508597496839725", "price": "0.01", "size": "12.78", "side": "BUY", "hash": "1c0085d2605a10a03c830312e0d74a571289f002", "best_bid": "0.26", "best_ask": "0.32"}, {"asset_id": "34483656870152287628482131354405616379245527782103018259423060655713832226233", "price": "0.99", "size": "12.78", "side": "SELL", "hash": "c96fe1ad8e3e34b3432f0e36a354d8d1628c134e", "best_bid": "0.68", "best_ask": "0.74"}], "timestamp": "1769384087194", "event_type": "price_change"}}
{"_local_timestamp": "2026-01-25T23:34:47.262800+00:00", "data": {"market": "0x2603678ab07471eb733117c3994513130b9f18ed03e5a5ab418658082337e834", "price_changes": [{"asset_id": "76611829333312345830423823662974123578673875822426642099007495545449187336045", "price": "0.01", "size": "16.91", "side": "BUY", "hash": "de7066dee8a1313c48d9123f13d1d843c60de40e", "best_bid": "0.2", "best_ask": "0.27"}, {"asset_id": "10617973766388210800264298606112207150419890243617468988222067491669088740570", "price": "0.99", "size": "16.91", "side": "SELL", "hash": "95a20b94b64f13fdb0029eac908545073ad9fe96", "best_bid": "0.73", "best_ask": "0.8"}], "timestamp": "1769384087194", "event_type": "price_change"}}
{"_local_timestamp": "2026-01-25T23:34:47.682735+00:00", "data": {"market": "0xf768e7e853e31bce351b1e72a339114ba7795690d7764f28457a7818a77bb2c8", "price_changes": [{"asset_id": "51780717766619332237134216812387557287074762163318339417409710508597496839725", "price": "0.01", "size": "56.38", "side": "BUY", "hash": "fec199d97cd2fb119877572c144e03af54bfa97c", "best_bid": "0.26", "best_ask": "0.32"}, {"asset_id": "34483656870152287628482131354405616379245527782103018259423060655713832226233", "price": "0.99", "size": "56.38", "side": "SELL", "hash": "2f866a6a34cfa7dc59d176820297fef0ca2f7c73", "best_bid": "0.68", "best_ask": "0.74"}], "timestamp": "1769384087602", "event_type": "price_change"}}
{"_local_timestamp": "2026-01-25T23:34:47.683174+00:00", "data": {"market": "0x2603678ab07471eb733117c3994513130b9f18ed03e5a5ab418658082337e834", "price_changes": [{"asset_id": "76611829333312345830423823662974123578673875822426642099007495545449187336045", "price": "0.01", "size": "58.45", "side": "BUY", "hash": "46ce7b522b88c6e0202aca70256f954f3d9ce712", "best_bid": "0.2", "best_ask": "0.27"}, {"asset_id": "10617973766388210800264298606112207150419890243617468988222067491669088740570", "price": "0.99", "size": "58.45", "side": "SELL", "hash": "99c5e5ee027e258f10910c20f529cdf222db5bb6", "best_bid": "0.73", "best_ask": "0.8"}], "timestamp": "1769384087601", "event_type": "price_change"}}
{"_local_timestamp": "2026-01-25T23:34:47.683926+00:00", "data": {"market": "0x2603678ab07471eb733117c3994513130b9f18ed03e5a5ab418658082337e834", "price_changes": [{"asset_id": "76611829333312345830423823662974123578673875822426642099007495545449187336045", "price": "0.01", "size": "99.99", "side": "BUY", "hash": "1a0054405ed85039b16d6afbf1ea2024f6fee27a", "best_bid": "0.2", "best_ask": "0.27"}, {"asset_id": "10617973766388210800264298606112207150419890243617468988222067491669088740570", "price": "0.99", "size": "99.99", "side": "SELL", "hash": "772a8175a905f6e26d8a77852d4d984cc018bea3", "best_bid": "0.73", "best_ask": "0.8"}], "timestamp": "1769384087602", "event_type": "price_change"}}
{"_local_timestamp": "2026-01-25T23:34:47.684241+00:00", "data": {"market": "0xf768e7e853e31bce351b1e72a339114ba7795690d7764f28457a7818a77bb2c8", "price_changes": [{"asset_id": "51780717766619332237134216812387557287074762163318339417409710508597496839725", "price": "0.01", "size": "99.98", "side": "BUY", "hash": "bd406952fd587dd1765dc7baf0625d7b001539a1", "best_bid": "0.26", "best_ask": "0.32"}, {"asset_id": "34483656870152287628482131354405616379245527782103018259423060655713832226233", "price": "0.99", "size": "99.98", "side": "SELL", "hash": "376ca8f980db3990cbc71f8be1cb30000f1f9796", "best_bid": "0.68", "best_ask": "0.74"}], "timestamp": "1769384087602", "event_type": "price_change"}}
{"_local_timestamp": "2026-01-25T23:34:51.033164+00:00", "data": {"market": "0x2603678ab07471eb733117c3994513130b9f18ed03e5a5ab418658082337e834", "price_changes": [{"asset_id": "76611829333312345830423823662974123578673875822426642099007495545449187336045", "price": "0.01", "size": "58.45", "side": "BUY", "hash": "e253a0067e482240095debe26c59d274a0c9db93", "best_bid": "0.2", "best_ask": "0.27"}, {"asset_id": "10617973766388210800264298606112207150419890243617468988222067491669088740570", "price": "0.99", "size": "58.45", "side": "SELL", "hash": "757f6dce34d47f40955e76fd1821f72f09849868", "best_bid": "0.73", "best_ask": "0.8"}], "timestamp": "1769384090953", "event_type": "price_change"}}
{"_local_timestamp": "2026-01-25T23:34:52.884923+00:00", "data": {"market": "0xf768e7e853e31bce351b1e72a339114ba7795690d7764f28457a7818a77bb2c8", "price_changes": [{"asset_id": "51780717766619332237134216812387557287074762163318339417409710508597496839725", "price": "0.01", "size": "56.38", "side": "BUY", "hash": "ee097a92a1e96b9ea662ca11a7696775097c5a7f", "best_bid": "0.26", "best_ask": "0.32"}, {"asset_id": "34483656870152287628482131354405616379245527782103018259423060655713832226233", "price": "0.99", "size": "56.38", "side": "SELL", "hash": "f8fb0bc15a51ae6e64f21fc760a8212b520161ef", "best_bid": "0.68", "best_ask": "0.74"}], "timestamp": "1769384092815", "event_type": "price_change"}}
{"_local_timestamp": "2026-01-25T23:34:54.657325+00:00", "data": {"market": "0x2603678ab07471eb733117c3994513130b9f18ed03e5a5ab418658082337e834", "price_changes": [{"asset_id": "76611829333312345830423823662974123578673875822426642099007495545449187336045", "price": "0.01", "size": "16.91", "side": "BUY", "hash": "2e31c12e3768993a4f438caf4f3b07580b62f7c7", "best_bid": "0.2", "best_ask": "0.27"}, {"asset_id": "10617973766388210800264298606112207150419890243617468988222067491669088740570", "price": "0.99", "size": "16.91", "side": "SELL", "hash": "076486f360ba4799fec8d7fbe571111d2ac5e5c1", "best_bid": "0.73", "best_ask": "0.8"}], "timestamp": "1769384094560", "event_type": "price_change"}}
{"_local_timestamp": "2026-01-25T23:34:54.897207+00:00", "data": {"market": "0x2603678ab07471eb733117c3994513130b9f18ed03e5a5ab418658082337e834", "price_changes": [{"asset_id": "76611829333312345830423823662974123578673875822426642099007495545449187336045", "price": "0.02", "size": "15.35", "side": "BUY", "hash": "3800f931161846d85f89c57a62a55abc7a58f9bf", "best_bid": "0.2", "best_ask": "0.27"}, {"asset_id": "10617973766388210800264298606112207150419890243617468988222067491669088740570", "price": "0.98", "size": "15.35", "side": "SELL", "hash": "e4b1f5df043d72b05a9c917f14c4b014ef60e030", "best_bid": "0.73", "best_ask": "0.8"}], "timestamp": "1769384094831", "event_type": "price_change"}}
{"_local_timestamp": "2026-01-25T23:34:54.898815+00:00", "data": {"market": "0x2603678ab07471eb733117c3994513130b9f18ed03e5a5ab418658082337e834", "price_changes": [{"asset_id": "76611829333312345830423823662974123578673875822426642099007495545449187336045", "price": "0.01", "size": "27.74", "side": "BUY", "hash": "025f1a2b15f7da855626bead7f2700e6808a4d6f", "best_bid": "0.2", "best_ask": "0.27"}, {"asset_id": "10617973766388210800264298606112207150419890243617468988222067491669088740570", "price": "0.99", "size": "27.74", "side": "SELL", "hash": "071f71877872b8e70b4e7da1f99095108b6c808b", "best_bid": "0.73", "best_ask": "0.8"}], "timestamp": "1769384094832", "event_type": "price_change"}}
{"_local_timestamp": "2026-01-25T23:34:54.902024+00:00", "data": {"market": "0x2603678ab07471eb733117c3994513130b9f18ed03e5a5ab418658082337e834", "price_changes": [{"asset_id": "76611829333312345830423823662974123578673875822426642099007495545449187336045", "price": "0.02", "size": "30.7", "side": "BUY", "hash": "4983e00c68a282c3cbc06958716b0322d7be2e93", "best_bid": "0.2", "best_ask": "0.27"}, {"asset_id": "10617973766388210800264298606112207150419890243617468988222067491669088740570", "price": "0.98", "size": "30.7", "side": "SELL", "hash": "e8ba706510e4568c9a5869a65d5c0fb9a6f108f6", "best_bid": "0.73", "best_ask": "0.8"}], "timestamp": "1769384094832", "event_type": "price_change"}}
{"_local_timestamp": "2026-01-25T23:34:54.906531+00:00", "data": {"market": "0x2603678ab07471eb733117c3994513130b9f18ed03e5a5ab418658082337e834", "price_changes": [{"asset_id": "76611829333312345830423823662974123578673875822426642099007495545449187336045", "price": "0.01", "size": "38.57", "side": "BUY", "hash": "e35a7e4d940752fe4834529f1dfdf782b3e70b69", "best_bid": "0.2", "best_ask": "0.27"}, {"asset_id": "10617973766388210800264298606112207150419890243617468988222067491669088740570", "price": "0.99", "size": "38.57", "side": "SELL", "hash": "8823de6d9b83a981ea61df0bdc4bf9f5d800e2cc", "best_bid": "0.73", "best_ask": "0.8"}], "timestamp": "1769384094833", "event_type": "price_change"}}
{"_local_timestamp": "2026-01-25T23:34:55.453111+00:00", "data": {"market": "0x2603678ab07471eb733117c3994513130b9f18ed03e5a5ab418658082337e834", "price_changes": [{"asset_id": "10617973766388210800264298606112207150419890243617468988222067491669088740570", "price": "0.79", "size": "9.04", "side": "BUY", "hash": "b519f4b722191dc2b9288f80a0432b046efaeff6", "best_bid": "0.79", "best_ask": "0.8"}, {"asset_id": "76611829333312345830423823662974123578673875822426642099007495545449187336045", "price": "0.21", "size": "9.04", "side": "SELL", "hash": "5a0cfe2078a7f7692912c4f92077aba6ffb19c7d", "best_bid": "0.2", "best_ask": "0.21"}], "timestamp": "1769384095343", "event_type": "price_change"}}
{"_local_timestamp": "2026-01-25T23:34:58.092643+00:00", "data": {"market": "0xf768e7e853e31bce351b1e72a339114ba7795690d7764f28457a7818a77bb2c8", "price_changes": [{"asset_id": "51780717766619332237134216812387557287074762163318339417409710508597496839725", "price": "0.01", "size": "12.78", "side": "BUY", "hash": "625a3533618278291b42663c7fda1c5d9866e03f", "best_bid": "0.26", "best_ask": "0.32"}, {"asset_id": "34483656870152287628482131354405616379245527782103018259423060655713832226233", "price": "0.99", "size": "12.78", "side": "SELL", "hash": "9cfccc263f9e6aeb8a731244b49164d9846c3517", "best_bid": "0.68", "best_ask": "0.74"}], "timestamp": "1769384098016", "event_type": "price_change"}}
{"_local_timestamp": "2026-01-25T23:34:58.411916+00:00", "data": {"market": "0xf768e7e853e31bce351b1e72a339114ba7795690d7764f28457a7818a77bb2c8", "price_changes": [{"asset_id": "51780717766619332237134216812387557287074762163318339417409710508597496839725", "price": "0.01", "size": "56.38", "side": "BUY", "hash": "a35d2a7d1f1583268a0d1cb6025407f044b2c240", "best_bid": "0.26", "best_ask": "0.32"}, {"asset_id": "34483656870152287628482131354405616379245527782103018259423060655713832226233", "price": "0.99", "size": "56.38", "side": "SELL", "hash": "1f191b8636ef2349cbc187c471a5d5acf2c87ca7", "best_bid": "0.68", "best_ask": "0.74"}], "timestamp": "1769384098344", "event_type": "price_change"}}
{"_local_timestamp": "2026-01-25T23:34:58.412426+00:00", "data": {"market": "0xf768e7e853e31bce351b1e72a339114ba7795690d7764f28457a7818a77bb2c8", "price_changes": [{"asset_id": "51780717766619332237134216812387557287074762163318339417409710508597496839725", "price": "0.01", "size": "99.98", "side": "BUY", "hash": "d92b5a1dcea0cb03daf4033678b59f32407fb939", "best_bid": "0.26", "best_ask": "0.32"}, {"asset_id": "34483656870152287628482131354405616379245527782103018259423060655713832226233", "price": "0.99", "size": "99.98", "side": "SELL", "hash": "f045619b52e8decb5246cbe91be0190c3b595c80", "best_bid": "0.68", "best_ask": "0.74"}], "timestamp": "1769384098345", "event_type": "price_change"}}
{"_local_timestamp": "2026-01-25T23:35:01.681228+00:00", "data": {"market": "0x2603678ab07471eb733117c3994513130b9f18ed03e5a5ab418658082337e834", "price_changes": [{"asset_id": "76611829333312345830423823662974123578673875822426642099007495545449187336045", "price": "0.01", "size": "16.91", "side": "BUY", "hash": "eecbd6c29d4120543740b402c56650a245eb21f8", "best_bid": "0.2", "best_ask": "0.21"}, {"asset_id": "10617973766388210800264298606112207150419890243617468988222067491669088740570", "price": "0.99", "size": "16.91", "side": "SELL", "hash": "f4f7ec77aad95824b1d8b2a85a69dc4f6260c3d7", "best_bid": "0.79", "best_ask": "0.8"}], "timestamp": "1769384101556", "event_type": "price_change"}}
{"_local_timestamp": "2026-01-25T23:35:01.681696+00:00", "data": {"market": "0x2603678ab07471eb733117c3994513130b9f18ed03e5a5ab418658082337e834", "price_changes": [{"asset_id": "76611829333312345830423823662974123578673875822426642099007495545449187336045", "price": "0.02", "size": "15.35", "side": "BUY", "hash": "eecbd6c29d4120543740b402c56650a245eb21f8", "best_bid": "0.2", "best_ask": "0.21"}, {"asset_id": "10617973766388210800264298606112207150419890243617468988222067491669088740570", "price": "0.98", "size": "15.35", "side": "SELL", "hash": "f4f7ec77aad95824b1d8b2a85a69dc4f6260c3d7", "best_bid": "0.79", "best_ask": "0.8"}], "timestamp": "1769384101556", "event_type": "price_change"}}
{"_local_timestamp": "2026-01-25T23:35:04.224560+00:00", "data": {"market": "0x2603678ab07471eb733117c3994513130b9f18ed03e5a5ab418658082337e834", "price_changes": [{"asset_id": "76611829333312345830423823662974123578673875822426642099007495545449187336045", "price": "0.01", "size": "11.27", "side": "BUY", "hash": "872fab40a37f3191ce4b56ddc968888837a78625", "best_bid": "0.2", "best_ask": "0.21"}, {"asset_id": "10617973766388210800264298606112207150419890243617468988222067491669088740570", "price": "0.99", "size": "11.27", "side": "SELL", "hash": "42db230531340c8ef46c0345f275a4626d93e92f", "best_bid": "0.79", "best_ask": "0.8"}], "timestamp": "1769384104083", "event_type": "price_change"}}
{"_local_timestamp": "2026-01-25T23:35:04.225061+00:00", "data": {"market": "0x2603678ab07471eb733117c3994513130b9f18ed03e5a5ab418658082337e834", "price_changes": [{"asset_id": "76611829333312345830423823662974123578673875822426642099007495545449187336045", "price": "0.02", "size": "0", "side": "BUY", "hash": "872fab40a37f3191ce4b56ddc968888837a78625", "best_bid": "0.2", "best_ask": "0.21"}, {"asset_id": "10617973766388210800264298606112207150419890243617468988222067491669088740570", "price": "0.98", "size": "0", "side": "SELL", "hash": "42db230531340c8ef46c0345f275a4626d93e92f", "best_bid": "0.79", "best_ask": "0.8"}], "timestamp": "1769384104083", "event_type": "price_change"}}
{"_local_timestamp": "2026-01-25T23:35:04.569776+00:00", "data": {"market": "0x2603678ab07471eb733117c3994513130b9f18ed03e5a5ab418658082337e834", "price_changes": [{"asset_id": "76611829333312345830423823662974123578673875822426642099007495545449187336045", "price": "0.01", "size": "55.63", "side": "BUY", "hash": "b1632cb80014b46b8dc9d4f11186ead92642de7f", "best_bid": "0.2", "best_ask": "0.21"}, {"asset_id": "10617973766388210800264298606112207150419890243617468988222067491669088740570", "price": "0.99", "size": "55.63", "side": "SELL", "hash": "ab46511c1865bdf636346618c6f4a8f3c1f04a90", "best_bid": "0.79", "best_ask": "0.8"}], "timestamp": "1769384104419", "event_type": "price_change"}}
{"_local_timestamp": "2026-01-25T23:35:04.570343+00:00", "data": {"market": "0x2603678ab07471eb733117c3994513130b9f18ed03e5a5ab418658082337e834", "price_changes": [{"asset_id": "76611829333312345830423823662974123578673875822426642099007495545449187336045", "price": "0.01", "size": "99.99", "side": "BUY", "hash": "aee92c6b93fe4da016c207ce5d40ec98609ffcdd", "best_bid": "0.2", "best_ask": "0.21"}, {"asset_id": "10617973766388210800264298606112207150419890243617468988222067491669088740570", "price": "0.99", "size": "99.99", "side": "SELL", "hash": "3a8572e2c7262bd1464e6de070c0d6d4025ffa06", "best_bid": "0.79", "best_ask": "0.8"}], "timestamp": "1769384104420", "event_type": "price_change"}}
{"_local_timestamp": "2026-01-25T23:35:07.676786+00:00", "data": {"market": "0xf768e7e853e31bce351b1e72a339114ba7795690d7764f28457a7818a77bb2c8", "price_changes": [{"asset_id": "51780717766619332237134216812387557287074762163318339417409710508597496839725", "price": "0.01", "size": "56.38", "side": "BUY", "hash": "8c5c76383f23cbe222f546ace720959f520c9481", "best_bid": "0.26", "best_ask": "0.32"}, {"asset_id": "34483656870152287628482131354405616379245527782103018259423060655713832226233", "price": "0.99", "size": "56.38", "side": "SELL", "hash": "d430558309db8948a3409412ee3904a5646733b5", "best_bid": "0.68", "best_ask": "0.74"}], "timestamp": "1769384107462", "event_type": "price_change"}}
{"_local_timestamp": "2026-01-25T23:35:10.016060+00:00", "data": {"market": "0x2603678ab07471eb733117c3994513130b9f18ed03e5a5ab418658082337e834", "price_changes": [{"asset_id": "76611829333312345830423823662974123578673875822426642099007495545449187336045", "price": "0.01", "size": "55.63", "side": "BUY", "hash": "bd3984c86398d26a6c6c3228a050119fb528a650", "best_bid": "0.2", "best_ask": "0.21"}, {"asset_id": "10617973766388210800264298606112207150419890243617468988222067491669088740570", "price": "0.99", "size": "55.63", "side": "SELL", "hash": "385977baaef84e5588caec31b06887d7bdbf944b", "best_bid": "0.79", "best_ask": "0.8"}], "timestamp": "1769384109819", "event_type": "price_change"}}
{"_local_timestamp": "2026-01-25T23:35:11.296210+00:00", "data": {"market": "0xf768e7e853e31bce351b1e72a339114ba7795690d7764f28457a7818a77bb2c8", "price_changes": [{"asset_id": "51780717766619332237134216812387557287074762163318339417409710508597496839725", "price": "0.01", "size": "12.78", "side": "BUY", "hash": "332e64c2bdc6a2a24d01fb2de69812adc5109c42", "best_bid": "0.26", "best_ask": "0.32"}, {"asset_id": "34483656870152287628482131354405616379245527782103018259423060655713832226233", "price": "0.99", "size": "12.78", "side": "SELL", "hash": "20d8934e2899e720edcd93a9e05cabba9d495e80", "best_bid": "0.68", "best_ask": "0.74"}], "timestamp": "1769384111094", "event_type": "price_change"}}
{"_local_timestamp": "2026-01-25T23:35:11.740845+00:00", "data": {"market": "0xf768e7e853e31bce351b1e72a339114ba7795690d7764f28457a7818a77bb2c8", "price_changes": [{"asset_id": "51780717766619332237134216812387557287074762163318339417409710508597496839725", "price": "0.01", "size": "56.38", "side": "BUY", "hash": "2b5a6c41809b2ca333af28ad8f34a1ec46b0dddf", "best_bid": "0.26", "best_ask": "0.32"}, {"asset_id": "34483656870152287628482131354405616379245527782103018259423060655713832226233", "price": "0.99", "size": "56.38", "side": "SELL", "hash": "3b615b88a6ec636ea36007dcfdf3de118de594cc", "best_bid": "0.68", "best_ask": "0.74"}], "timestamp": "1769384111538", "event_type": "price_change"}}
{"_local_timestamp": "2026-01-25T23:35:11.741341+00:00", "data": {"market": "0xf768e7e853e31bce351b1e72a339114ba7795690d7764f28457a7818a77bb2c8", "price_changes": [{"asset_id": "51780717766619332237134216812387557287074762163318339417409710508597496839725", "price": "0.01", "size": "99.98", "side": "BUY", "hash": "768d827de142ed8ab080151bfbfed33483c33e4c", "best_bid": "0.26", "best_ask": "0.32"}, {"asset_id": "34483656870152287628482131354405616379245527782103018259423060655713832226233", "price": "0.99", "size": "99.98", "side": "SELL", "hash": "974fc0f058c7ebcda4eaae4fef3ae6d2c55e12b1", "best_bid": "0.68", "best_ask": "0.74"}], "timestamp": "1769384111538", "event_type": "price_change"}}
{"_local_timestamp": "2026-01-25T23:35:12.711513+00:00", "data": {"market": "0x2603678ab07471eb733117c3994513130b9f18ed03e5a5ab418658082337e834", "price_changes": [{"asset_id": "76611829333312345830423823662974123578673875822426642099007495545449187336045", "price": "0.01", "size": "11.27", "side": "BUY", "hash": "4d39b26b434f5b765d1e0947f657b696d0a93717", "best_bid": "0.2", "best_ask": "0.21"}, {"asset_id": "10617973766388210800264298606112207150419890243617468988222067491669088740570", "price": "0.99", "size": "11.27", "side": "SELL", "hash": "de2d3677922875e8979f04bade1ed4260f7327a8", "best_bid": "0.79", "best_ask": "0.8"}], "timestamp": "1769384112513", "event_type": "price_change"}}
{"_local_timestamp": "2026-01-25T23:35:13.043588+00:00", "data": {"market": "0x2603678ab07471eb733117c3994513130b9f18ed03e5a5ab418658082337e834", "price_changes": [{"asset_id": "76611829333312345830423823662974123578673875822426642099007495545449187336045", "price": "0.01", "size": "55.63", "side": "BUY", "hash": "1e72791a60f36626241a6cd2e07eda6949a11396", "best_bid": "0.2", "best_ask": "0.21"}, {"asset_id": "10617973766388210800264298606112207150419890243617468988222067491669088740570", "price": "0.99", "size": "55.63", "side": "SELL", "hash": "e4bf93ee096a8e410e2c7e7ee02eff7e232e66a9", "best_bid": "0.79", "best_ask": "0.8"}], "timestamp": "1769384112837", "event_type": "price_change"}}
{"_local_timestamp": "2026-01-25T23:35:13.044190+00:00", "data": {"market": "0x2603678ab07471eb733117c3994513130b9f18ed03e5a5ab418658082337e834", "price_changes": [{"asset_id": "76611829333312345830423823662974123578673875822426642099007495545449187336045", "price": "0.01", "size": "99.99", "side": "BUY", "hash": "cc6c4f2b43f6209d39b4378daf607ab3ae870acb", "best_bid": "0.2", "best_ask": "0.21"}, {"asset_id": "10617973766388210800264298606112207150419890243617468988222067491669088740570", "price": "0.99", "size": "99.99", "side": "SELL", "hash": "3583e263fa0b2625a625ff9995ed263e74753459", "best_bid": "0.79", "best_ask": "0.8"}], "timestamp": "1769384112838", "event_type": "price_change"}}
{"_local_timestamp": "2026-01-25T23:35:18.977495+00:00", "data": {"market": "0x2603678ab07471eb733117c3994513130b9f18ed03e5a5ab418658082337e834", "price_changes": [{"asset_id": "76611829333312345830423823662974123578673875822426642099007495545449187336045", "price": "0.01", "size": "55.63", "side": "BUY", "hash": "e9814c5aacc651341b2a93ab0b62feab36b88c9c", "best_bid": "0.2", "best_ask": "0.21"}, {"asset_id": "10617973766388210800264298606112207150419890243617468988222067491669088740570", "price": "0.99", "size": "55.63", "side": "SELL", "hash": "50cce5469beb03dfe5b22583b11d6615c1b89098", "best_bid": "0.79", "best_ask": "0.8"}], "timestamp": "1769384118762", "event_type": "price_change"}}
{"_local_timestamp": "2026-01-25T23:35:21.586560+00:00", "data": {"market": "0xf768e7e853e31bce351b1e72a339114ba7795690d7764f28457a7818a77bb2c8", "price_changes": [{"asset_id": "51780717766619332237134216812387557287074762163318339417409710508597496839725", "price": "0.01", "size": "56.38", "side": "BUY", "hash": "a6520a22b4a1afafbecdcc0855e7805381c31f8a", "best_bid": "0.26", "best_ask": "0.32"}, {"asset_id": "34483656870152287628482131354405616379245527782103018259423060655713832226233", "price": "0.99", "size": "56.38", "side": "SELL", "hash": "5cb54f283cbef2c07eb0be91219cabb183ed5f8a", "best_bid": "0.68", "best_ask": "0.74"}], "timestamp": "1769384121375", "event_type": "price_change"}}
{"_local_timestamp": "2026-01-25T23:35:23.690975+00:00", "data": {"market": "0x2603678ab07471eb733117c3994513130b9f18ed03e5a5ab418658082337e834", "price_changes": [{"asset_id": "76611829333312345830423823662974123578673875822426642099007495545449187336045", "price": "0.01", "size": "11.27", "side": "BUY", "hash": "d0bf2b5395a0075cdfcef2e70bf58cc4501fa2fb", "best_bid": "0.2", "best_ask": "0.21"}, {"asset_id": "10617973766388210800264298606112207150419890243617468988222067491669088740570", "price": "0.99", "size": "11.27", "side": "SELL", "hash": "c5b9733f0f0102904f47205f6af761e196419fe8", "best_bid": "0.79", "best_ask": "0.8"}], "timestamp": "1769384123487", "event_type": "price_change"}}
{"_local_timestamp": "2026-01-25T23:35:23.691489+00:00", "data": {"market": "0xf768e7e853e31bce351b1e72a339114ba7795690d7764f28457a7818a77bb2c8", "price_changes": [{"asset_id": "51780717766619332237134216812387557287074762163318339417409710508597496839725", "price": "0.01", "size": "12.78", "side": "BUY", "hash": "7c4dbd3b72234a1926863c527a186c4c8ad86f43", "best_bid": "0.26", "best_ask": "0.32"}, {"asset_id": "34483656870152287628482131354405616379245527782103018259423060655713832226233", "price": "0.99", "size": "12.78", "side": "SELL", "hash": "4eac2ccbd87a9dee743b0f9c939d658c4d97c1d6", "best_bid": "0.68", "best_ask": "0.74"}], "timestamp": "1769384123487", "event_type": "price_change"}}
{"_local_timestamp": "2026-01-25T23:35:24.007351+00:00", "data": {"market": "0x2603678ab07471eb733117c3994513130b9f18ed03e5a5ab418658082337e834", "price_changes": [{"asset_id": "76611829333312345830423823662974123578673875822426642099007495545449187336045", "price": "0.01", "size": "55.63", "side": "BUY", "hash": "e0ce2d4cc55eb12ed9400d93e891a7a028db4809", "best_bid": "0.2", "best_ask": "0.21"}, {"asset_id": "10617973766388210800264298606112207150419890243617468988222067491669088740570", "price": "0.99", "size": "55.63", "side": "SELL", "hash": "bc6d80e0a135fe1a73f73d43da6508e533627870", "best_bid": "0.79", "best_ask": "0.8"}], "timestamp": "1769384123809", "event_type": "price_change"}}
{"_local_timestamp": "2026-01-25T23:35:24.007960+00:00", "data": {"market": "0xf768e7e853e31bce351b1e72a339114ba7795690d7764f28457a7818a77bb2c8", "price_changes": [{"asset_id": "51780717766619332237134216812387557287074762163318339417409710508597496839725", "price": "0.01", "size": "56.38", "side": "BUY", "hash": "5b7eee84fc01bbf6afad81229f1a549c1a52b83e", "best_bid": "0.26", "best_ask": "0.32"}, {"asset_id": "34483656870152287628482131354405616379245527782103018259423060655713832226233", "price": "0.99", "size": "56.38", "side": "SELL", "hash": "313e84aa6edb6ff8a45750f8de4b8655cd3ff4df", "best_bid": "0.68", "best_ask": "0.74"}], "timestamp": "1769384123809", "event_type": "price_change"}}
{"_local_timestamp": "2026-01-25T23:35:24.008687+00:00", "data": {"market": "0xf768e7e853e31bce351b1e72a339114ba7795690d7764f28457a7818a77bb2c8", "price_changes": [{"asset_id": "51780717766619332237134216812387557287074762163318339417409710508597496839725", "price": "0.01", "size": "99.98", "side": "BUY", "hash": "6d64c77cdd53751539fb59231282a4270b7ac22d", "best_bid": "0.26", "best_ask": "0.32"}, {"asset_id": "34483656870152287628482131354405616379245527782103018259423060655713832226233", "price": "0.99", "size": "99.98", "side": "SELL", "hash": "94bd948e94460328c7ed61951afaa95774f0d1fd", "best_bid": "0.68", "best_ask": "0.74"}], "timestamp": "1769384123810", "event_type": "price_change"}}
{"_local_timestamp": "2026-01-25T23:35:24.009258+00:00", "data": {"market": "0x2603678ab07471eb733117c3994513130b9f18ed03e5a5ab418658082337e834", "price_changes": [{"asset_id": "76611829333312345830423823662974123578673875822426642099007495545449187336045", "price": "0.01", "size": "99.99", "side": "BUY", "hash": "68f8aada945a040ffddf5da83e0a9ed71c45a3ed", "best_bid": "0.2", "best_ask": "0.21"}, {"asset_id": "10617973766388210800264298606112207150419890243617468988222067491669088740570", "price": "0.99", "size": "99.99", "side": "SELL", "hash": "7179a48e8e2690316244c8801c322da4e9601a4d", "best_bid": "0.79", "best_ask": "0.8"}], "timestamp": "1769384123810", "event_type": "price_change"}}
{"_local_timestamp": "2026-01-25T23:35:31.731698+00:00", "data": {"market": "0xf768e7e853e31bce351b1e72a339114ba7795690d7764f28457a7818a77bb2c8", "price_changes": [{"asset_id": "51780717766619332237134216812387557287074762163318339417409710508597496839725", "price": "0.01", "size": "56.38", "side": "BUY", "hash": "a8c2031dc3b408fe069870216cf08f0c042ce1d8", "best_bid": "0.26", "best_ask": "0.32"}, {"asset_id": "34483656870152287628482131354405616379245527782103018259423060655713832226233", "price": "0.99", "size": "56.38", "side": "SELL", "hash": "5f0952ad722bf2f34bbe0e47f5d5b127b53f557e", "best_bid": "0.68", "best_ask": "0.74"}], "timestamp": "1769384131472", "event_type": "price_change"}}
{"_local_timestamp": "2026-01-25T23:35:31.732668+00:00", "data": {"market": "0x2603678ab07471eb733117c3994513130b9f18ed03e5a5ab418658082337e834", "price_changes": [{"asset_id": "76611829333312345830423823662974123578673875822426642099007495545449187336045", "price": "0.01", "size": "55.63", "side": "BUY", "hash": "8b4f54021b5a5d8a28fe2ffbfcc9eda9810a35d4", "best_bid": "0.2", "best_ask": "0.21"}, {"asset_id": "10617973766388210800264298606112207150419890243617468988222067491669088740570", "price": "0.99", "size": "55.63", "side": "SELL", "hash": "bafbdfa72b51754e9a0967e4f4bc0dd61cf3529d", "best_bid": "0.79", "best_ask": "0.8"}], "timestamp": "1769384131472", "event_type": "price_change"}}
{"_local_timestamp": "2026-01-25T23:35:32.091565+00:00", "data": {"market": "0xf768e7e853e31bce351b1e72a339114ba7795690d7764f28457a7818a77bb2c8", "price_changes": [{"asset_id": "51780717766619332237134216812387557287074762163318339417409710508597496839725", "price": "0.02", "size": "10.9", "side": "BUY", "hash": "ef99d1fa39e9e939d26e4a29a2ae7b5f4a102bfa", "best_bid": "0.26", "best_ask": "0.32"}, {"asset_id": "34483656870152287628482131354405616379245527782103018259423060655713832226233", "price": "0.98", "size": "10.9", "side": "SELL", "hash": "f0ab4e6ffbfe388eb8ccc558e4e63c59d6830189", "best_bid": "0.68", "best_ask": "0.74"}], "timestamp": "1769384131881", "event_type": "price_change"}}
{"_local_timestamp": "2026-01-25T23:35:32.092152+00:00", "data": {"market": "0x2603678ab07471eb733117c3994513130b9f18ed03e5a5ab418658082337e834", "price_changes": [{"asset_id": "76611829333312345830423823662974123578673875822426642099007495545449187336045", "price": "0.02", "size": "11.09", "side": "BUY", "hash": "ae079845de91f02d0271520f30bf3f244be1a9fe", "best_bid": "0.2", "best_ask": "0.21"}, {"asset_id": "10617973766388210800264298606112207150419890243617468988222067491669088740570", "price": "0.98", "size": "11.09", "side": "SELL", "hash": "e89e6798a51153eb48bf2416c8d0c25bea44f910", "best_bid": "0.79", "best_ask": "0.8"}], "timestamp": "1769384131881", "event_type": "price_change"}}
{"_local_timestamp": "2026-01-25T23:35:32.092600+00:00", "data": {"market": "0xf768e7e853e31bce351b1e72a339114ba7795690d7764f28457a7818a77bb2c8", "price_changes": [{"asset_id": "51780717766619332237134216812387557287074762163318339417409710508597496839725", "price": "0.02", "size": "21.8", "side": "BUY", "hash": "4654bc5c0ff03a6990acceb8b696ead1f6367c4f", "best_bid": "0.26", "best_ask": "0.32"}, {"asset_id": "34483656870152287628482131354405616379245527782103018259423060655713832226233", "price": "0.98", "size": "21.8", "side": "SELL", "hash": "d17580c2837f2beb02ed7fbea8a0b8ad4ad0e7ea", "best_bid": "0.68", "best_ask": "0.74"}], "timestamp": "1769384131881", "event_type": "price_change"}}
{"_local_timestamp": "2026-01-25T23:35:32.093066+00:00", "data": {"market": "0x2603678ab07471eb733117c3994513130b9f18ed03e5a5ab418658082337e834", "price_changes": [{"asset_id": "76611829333312345830423823662974123578673875822426642099007495545449187336045", "price": "0.02", "size": "22.18", "side": "BUY", "hash": "418af59b7aa91f7d237dcfec17a40e96dcffce27", "best_bid": "0.2", "best_ask": "0.21"}, {"asset_id": "10617973766388210800264298606112207150419890243617468988222067491669088740570", "price": "0.98", "size": "22.18", "side": "SELL", "hash": "0270d15956cdcb70d53ecc417012e72001832ab2", "best_bid": "0.79", "best_ask": "0.8"}], "timestamp": "1769384131881", "event_type": "price_change"}}
{"_local_timestamp": "2026-01-25T23:35:33.730602+00:00", "data": {"market": "0xcf0915e44e1373ba8674b71f0ce9d073c928828fdfcc2be2ca15becaec57fe40", "price_changes": [{"asset_id": "74923745968257315934265628385982863730263587676962670180139007524135919914988", "price": "0.61", "size": "15978.19", "side": "SELL", "hash": "1fc99f7f41e11609cab63ed49abf1e4d86c26892", "best_bid": "0.6", "best_ask": "0.61"}, {"asset_id": "8619289127082315589114815999409125381327269791350462481647741353946458653829", "price": "0.39", "size": "15978.19", "side": "BUY", "hash": "f64547d7beb5ca291dfe63521f0c4756eadefe40", "best_bid": "0.39", "best_ask": "0.4"}], "timestamp": "1769384133510", "event_type": "price_change"}}
{"_local_timestamp": "2026-01-25T23:35:34.268483+00:00", "data": {"market": "0x2603678ab07471eb733117c3994513130b9f18ed03e5a5ab418658082337e834", "price_changes": [{"asset_id": "76611829333312345830423823662974123578673875822426642099007495545449187336045", "price": "0.01", "size": "11.27", "side": "BUY", "hash": "fc74e41a8ab24f6874489451f8623d37e6e7fd82", "best_bid": "0.2", "best_ask": "0.21"}, {"asset_id": "10617973766388210800264298606112207150419890243617468988222067491669088740570", "price": "0.99", "size": "11.27", "side": "SELL", "hash": "12bc1e8612c75e74267e2b4ce99fcc9dfd186fd6", "best_bid": "0.79", "best_ask": "0.8"}], "timestamp": "1769384134010", "event_type": "price_change"}}
{"_local_timestamp": "2026-01-25T23:35:34.269235+00:00", "data": {"market": "0x2603678ab07471eb733117c3994513130b9f18ed03e5a5ab418658082337e834", "price_changes": [{"asset_id": "76611829333312345830423823662974123578673875822426642099007495545449187336045", "price": "0.02", "size": "11.09", "side": "BUY", "hash": "fc74e41a8ab24f6874489451f8623d37e6e7fd82", "best_bid": "0.2", "best_ask": "0.21"}, {"asset_id": "10617973766388210800264298606112207150419890243617468988222067491669088740570", "price": "0.98", "size": "11.09", "side": "SELL", "hash": "12bc1e8612c75e74267e2b4ce99fcc9dfd186fd6", "best_bid": "0.79", "best_ask": "0.8"}], "timestamp": "1769384134010", "event_type": "price_change"}}
{"_local_timestamp": "2026-01-25T23:35:34.636147+00:00", "data": {"market": "0x2603678ab07471eb733117c3994513130b9f18ed03e5a5ab418658082337e834", "price_changes": [{"asset_id": "76611829333312345830423823662974123578673875822426642099007495545449187336045", "price": "0.03", "size": "5.54", "side": "BUY", "hash": "f6c3fac53e3aa2dff69df7f3148c53d057474bfb", "best_bid": "0.2", "best_ask": "0.21"}, {"asset_id": "10617973766388210800264298606112207150419890243617468988222067491669088740570", "price": "0.97", "size": "5.54", "side": "SELL", "hash": "28ff4fac7f113f58cb0d3960d830e28762493339", "best_bid": "0.79", "best_ask": "0.8"}], "timestamp": "1769384134410", "event_type": "price_change"}}
{"_local_timestamp": "2026-01-25T23:35:34.636720+00:00", "data": {"market": "0x2603678ab07471eb733117c3994513130b9f18ed03e5a5ab418658082337e834", "price_changes": [{"asset_id": "76611829333312345830423823662974123578673875822426642099007495545449187336045", "price": "0.02", "size": "19.4", "side": "BUY", "hash": "20ad0f77e20c0c7e21339e0198e193e65eaf62f2", "best_bid": "0.2", "best_ask": "0.21"}, {"asset_id": "10617973766388210800264298606112207150419890243617468988222067491669088740570", "price": "0.98", "size": "19.4", "side": "SELL", "hash": "96c56cfff681ee8f938aab01ba5014f7705c77a8", "best_bid": "0.79", "best_ask": "0.8"}], "timestamp": "1769384134411", "event_type": "price_change"}}
{"_local_timestamp": "2026-01-25T23:35:34.637166+00:00", "data": {"market": "0x2603678ab07471eb733117c3994513130b9f18ed03e5a5ab418658082337e834", "price_changes": [{"asset_id": "76611829333312345830423823662974123578673875822426642099007495545449187336045", "price": "0.02", "size": "27.71", "side": "BUY", "hash": "780c83487ed47b679d8a32c0b2d76adbcf9c9e75", "best_bid": "0.2", "best_ask": "0.21"}, {"asset_id": "10617973766388210800264298606112207150419890243617468988222067491669088740570", "price": "0.98", "size": "27.71", "side": "SELL", "hash": "b4019a079daa0ff11975cf807c18112f8ee76bac", "best_bid": "0.79", "best_ask": "0.8"}], "timestamp": "1769384134411", "event_type": "price_change"}}
{"_local_timestamp": "2026-01-25T23:35:34.637614+00:00", "data": {"market": "0x2603678ab07471eb733117c3994513130b9f18ed03e5a5ab418658082337e834", "price_changes": [{"asset_id": "76611829333312345830423823662974123578673875822426642099007495545449187336045", "price": "0.03", "size": "11.08", "side": "BUY", "hash": "03bcbc99de199e1f3c9129327037a82ed19fa3f6", "best_bid": "0.2", "best_ask": "0.21"}, {"asset_id": "10617973766388210800264298606112207150419890243617468988222067491669088740570", "price": "0.97", "size": "11.08", "side": "SELL", "hash": "f30d0e2a1f8b14fd5601f385afba5924e9820454", "best_bid": "0.79", "best_ask": "0.8"}], "timestamp": "1769384134412", "event_type": "price_change"}}
{"_local_timestamp": "2026-01-25T23:35:34.672043+00:00", "data": {"market": "0xf768e7e853e31bce351b1e72a339114ba7795690d7764f28457a7818a77bb2c8", "price_changes": [{"asset_id": "51780717766619332237134216812387557287074762163318339417409710508597496839725", "price": "0.01", "size": "12.78", "side": "BUY", "hash": "ca803e32c872c840a665ab7d12b1329663fe9def", "best_bid": "0.26", "best_ask": "0.32"}, {"asset_id": "34483656870152287628482131354405616379245527782103018259423060655713832226233", "price": "0.99", "size": "12.78", "side": "SELL", "hash": "feb53d5bb6c1777d8e8a1894e62344543c1d49c3", "best_bid": "0.68", "best_ask": "0.74"}], "timestamp": "1769384134446", "event_type": "price_change"}}
{"_local_timestamp": "2026-01-25T23:35:34.672613+00:00", "data": {"market": "0xf768e7e853e31bce351b1e72a339114ba7795690d7764f28457a7818a77bb2c8", "price_changes": [{"asset_id": "51780717766619332237134216812387557287074762163318339417409710508597496839725", "price": "0.02", "size": "10.9", "side": "BUY", "hash": "ca803e32c872c840a665ab7d12b1329663fe9def", "best_bid": "0.26", "best_ask": "0.32"}, {"asset_id": "34483656870152287628482131354405616379245527782103018259423060655713832226233", "price": "0.98", "size": "10.9", "side": "SELL", "hash": "feb53d5bb6c1777d8e8a1894e62344543c1d49c3", "best_bid": "0.68", "best_ask": "0.74"}], "timestamp": "1769384134446", "event_type": "price_change"}}
{"_local_timestamp": "2026-01-25T23:35:34.829913+00:00", "data": {"market": "0xf768e7e853e31bce351b1e72a339114ba7795690d7764f28457a7818a77bb2c8", "price_changes": [{"asset_id": "51780717766619332237134216812387557287074762163318339417409710508597496839725", "price": "0.01", "size": "45.49", "side": "BUY", "hash": "6524fdf05a19f3b2c37dcfe39876ad610e0646b9", "best_bid": "0.26", "best_ask": "0.32"}, {"asset_id": "34483656870152287628482131354405616379245527782103018259423060655713832226233", "price": "0.99", "size": "45.49", "side": "SELL", "hash": "2c55438c8486467eab6ce57827ce5dd322f947bc", "best_bid": "0.68", "best_ask": "0.74"}], "timestamp": "1769384134602", "event_type": "price_change"}}
{"_local_timestamp": "2026-01-25T23:35:34.830492+00:00", "data": {"market": "0xf768e7e853e31bce351b1e72a339114ba7795690d7764f28457a7818a77bb2c8", "price_changes": [{"asset_id": "51780717766619332237134216812387557287074762163318339417409710508597496839725", "price": "0.01", "size": "78.2", "side": "BUY", "hash": "3e832e2b65ab866e3d36bf060e866516193e74db", "best_bid": "0.26", "best_ask": "0.32"}, {"asset_id": "34483656870152287628482131354405616379245527782103018259423060655713832226233", "price": "0.99", "size": "78.2", "side": "SELL", "hash": "b197663aef128f6458d8e1928fbf98339efb9f3a", "best_bid": "0.68", "best_ask": "0.74"}], "timestamp": "1769384134603", "event_type": "price_change"}}
{"_local_timestamp": "2026-01-25T23:35:37.692398+00:00", "data": {"market": "0x2603678ab07471eb733117c3994513130b9f18ed03e5a5ab418658082337e834", "price_changes": [{"asset_id": "76611829333312345830423823662974123578673875822426642099007495545449187336045", "price": "0.02", "size": "8.31", "side": "BUY", "hash": "d39a9223a274d06406899bccefcdecfa6734641c", "best_bid": "0.2", "best_ask": "0.21"}, {"asset_id": "10617973766388210800264298606112207150419890243617468988222067491669088740570", "price": "0.98", "size": "8.31", "side": "SELL", "hash": "f5d75cc7bd0b88dc5f6e881a18faf506c9903954", "best_bid": "0.79", "best_ask": "0.8"}], "timestamp": "1769384137476", "event_type": "price_change"}}
{"_local_timestamp": "2026-01-25T23:35:37.692990+00:00", "data": {"market": "0x2603678ab07471eb733117c3994513130b9f18ed03e5a5ab418658082337e834", "price_changes": [{"asset_id": "76611829333312345830423823662974123578673875822426642099007495545449187336045", "price": "0.03", "size": "5.54", "side": "BUY", "hash": "d39a9223a274d06406899bccefcdecfa6734641c", "best_bid": "0.2", "best_ask": "0.21"}, {"asset_id": "10617973766388210800264298606112207150419890243617468988222067491669088740570", "price": "0.97", "size": "5.54", "side": "SELL", "hash": "f5d75cc7bd0b88dc5f6e881a18faf506c9903954", "best_bid": "0.79", "best_ask": "0.8"}], "timestamp": "1769384137476", "event_type": "price_change"}}
{"_local_timestamp": "2026-01-25T23:35:38.019725+00:00", "data": {"market": "0x2603678ab07471eb733117c3994513130b9f18ed03e5a5ab418658082337e834", "price_changes": [{"asset_id": "76611829333312345830423823662974123578673875822426642099007495545449187336045", "price": "0.01", "size": "39.01", "side": "BUY", "hash": "79415d08482e6e60cc0f13551dacf22efc678b5a", "best_bid": "0.2", "best_ask": "0.21"}, {"asset_id": "10617973766388210800264298606112207150419890243617468988222067491669088740570", "price": "0.99", "size": "39.01", "side": "SELL", "hash": "de942f01b688e70f3d0984e388fb086fa9475f9f", "best_bid": "0.79", "best_ask": "0.8"}], "timestamp": "1769384137848", "event_type": "price_change"}}
{"_local_timestamp": "2026-01-25T23:35:38.020307+00:00", "data": {"market": "0x2603678ab07471eb733117c3994513130b9f18ed03e5a5ab418658082337e834", "price_changes": [{"asset_id": "76611829333312345830423823662974123578673875822426642099007495545449187336045", "price": "0.01", "size": "66.75", "side": "BUY", "hash": "93e6860400ae535020d94d328b806dae2678efce", "best_bid": "0.2", "best_ask": "0.21"}, {"asset_id": "10617973766388210800264298606112207150419890243617468988222067491669088740570", "price": "0.99", "size": "66.75", "side": "SELL", "hash": "ef3c819a72ad3b0da3ec98984adca708d597f003", "best_bid": "0.79", "best_ask": "0.8"}], "timestamp": "1769384137849", "event_type": "price_change"}}
{"_local_timestamp": "2026-01-25T23:35:38.047008+00:00", "data": {"market": "0xf768e7e853e31bce351b1e72a339114ba7795690d7764f28457a7818a77bb2c8", "price_changes": [{"asset_id": "51780717766619332237134216812387557287074762163318339417409710508597496839725", "price": "0.01", "size": "45.49", "side": "BUY", "hash": "c019f538f337074375c2ceb003b512381ede4d58", "best_bid": "0.26", "best_ask": "0.32"}, {"asset_id": "34483656870152287628482131354405616379245527782103018259423060655713832226233", "price": "0.99", "size": "45.49", "side": "SELL", "hash": "e2c5b2f88ced1f4f180fff9ddbaf012bf8c3ec4e", "best_bid": "0.68", "best_ask": "0.74"}], "timestamp": "1769384137891", "event_type": "price_change"}}
{"_local_timestamp": "2026-01-25T23:35:38.047617+00:00", "data": {"market": "0xf768e7e853e31bce351b1e72a339114ba7795690d7764f28457a7818a77bb2c8", "price_changes": [{"asset_id": "51780717766619332237134216812387557287074762163318339417409710508597496839725", "price": "0.02", "size": "0", "side": "BUY", "hash": "c019f538f337074375c2ceb003b512381ede4d58", "best_bid": "0.26", "best_ask": "0.32"}, {"asset_id": "34483656870152287628482131354405616379245527782103018259423060655713832226233", "price": "0.98", "size": "0", "side": "SELL", "hash": "e2c5b2f88ced1f4f180fff9ddbaf012bf8c3ec4e", "best_bid": "0.68", "best_ask": "0.74"}], "timestamp": "1769384137891", "event_type": "price_change"}}
{"_local_timestamp": "2026-01-25T23:35:38.823027+00:00", "data": {"market": "0x2603678ab07471eb733117c3994513130b9f18ed03e5a5ab418658082337e834", "price_changes": [{"asset_id": "76611829333312345830423823662974123578673875822426642099007495545449187336045", "price": "0.01", "size": "39.01", "side": "BUY", "hash": "34dc732d986bad68e5baca29c2a2124885359ff4", "best_bid": "0.2", "best_ask": "0.21"}, {"asset_id": "10617973766388210800264298606112207150419890243617468988222067491669088740570", "price": "0.99", "size": "39.01", "side": "SELL", "hash": "3c428baba692c83cad28a5383c833ad289482b19", "best_bid": "0.79", "best_ask": "0.8"}], "timestamp": "1769384138745", "event_type": "price_change"}}
{"_local_timestamp": "2026-01-25T23:35:38.823636+00:00", "data": {"market": "0x2603678ab07471eb733117c3994513130b9f18ed03e5a5ab418658082337e834", "price_changes": [{"asset_id": "76611829333312345830423823662974123578673875822426642099007495545449187336045", "price": "0.02", "size": "0", "side": "BUY", "hash": "34dc732d986bad68e5baca29c2a2124885359ff4", "best_bid": "0.2", "best_ask": "0.21"}, {"asset_id": "10617973766388210800264298606112207150419890243617468988222067491669088740570", "price": "0.98", "size": "0", "side": "SELL", "hash": "3c428baba692c83cad28a5383c833ad289482b19", "best_bid": "0.79", "best_ask": "0.8"}], "timestamp": "1769384138745", "event_type": "price_change"}}
{"_local_timestamp": "2026-01-25T23:35:38.824234+00:00", "data": {"market": "0x2603678ab07471eb733117c3994513130b9f18ed03e5a5ab418658082337e834", "price_changes": [{"asset_id": "76611829333312345830423823662974123578673875822426642099007495545449187336045", "price": "0.03", "size": "0", "side": "BUY", "hash": "34dc732d986bad68e5baca29c2a2124885359ff4", "best_bid": "0.2", "best_ask": "0.21"}, {"asset_id": "10617973766388210800264298606112207150419890243617468988222067491669088740570", "price": "0.97", "size": "0", "side": "SELL", "hash": "3c428baba692c83cad28a5383c833ad289482b19", "best_bid": "0.79", "best_ask": "0.8"}], "timestamp": "1769384138745", "event_type": "price_change"}}
{"_local_timestamp": "2026-01-25T23:35:39.248629+00:00", "data": {"market": "0xf768e7e853e31bce351b1e72a339114ba7795690d7764f28457a7818a77bb2c8", "price_changes": [{"asset_id": "51780717766619332237134216812387557287074762163318339417409710508597496839725", "price": "0.01", "size": "12.78", "side": "BUY", "hash": "2b813d8e13378ab577195855fa79d50a7d2a34c3", "best_bid": "0.26", "best_ask": "0.32"}, {"asset_id": "34483656870152287628482131354405616379245527782103018259423060655713832226233", "price": "0.99", "size": "12.78", "side": "SELL", "hash": "3b64a81fc078113bd28fed48e698b8a608bc6093", "best_bid": "0.68", "best_ask": "0.74"}], "timestamp": "1769384139183", "event_type": "price_change"}}
{"_local_timestamp": "2026-01-25T23:35:39.610802+00:00", "data": {"market": "0xf768e7e853e31bce351b1e72a339114ba7795690d7764f28457a7818a77bb2c8", "price_changes": [{"asset_id": "51780717766619332237134216812387557287074762163318339417409710508597496839725", "price": "0.01", "size": "56.38", "side": "BUY", "hash": "4a7ade7194442499754b6ce28061159ff147ffa0", "best_bid": "0.26", "best_ask": "0.32"}, {"asset_id": "34483656870152287628482131354405616379245527782103018259423060655713832226233", "price": "0.99", "size": "56.38", "side": "SELL", "hash": "c0cbb84f0e2964c360b35a49bbacfcac788f036d", "best_bid": "0.68", "best_ask": "0.74"}], "timestamp": "1769384139546", "event_type": "price_change"}}
{"_local_timestamp": "2026-01-25T23:35:39.611401+00:00", "data": {"market": "0xf768e7e853e31bce351b1e72a339114ba7795690d7764f28457a7818a77bb2c8", "price_changes": [{"asset_id": "51780717766619332237134216812387557287074762163318339417409710508597496839725", "price": "0.01", "size": "99.98", "side": "BUY", "hash": "448a5e8855855f4b1a15a58d59a959ade3670068", "best_bid": "0.26", "best_ask": "0.32"}, {"asset_id": "34483656870152287628482131354405616379245527782103018259423060655713832226233", "price": "0.99", "size": "99.98", "side": "SELL", "hash": "a1016915d8e2b7233c77d16640d0b37605bc5ca7", "best_bid": "0.68", "best_ask": "0.74"}], "timestamp": "1769384139547", "event_type": "price_change"}}
{"_local_timestamp": "2026-01-25T23:35:41.092233+00:00", "data": {"market": "0xcf0915e44e1373ba8674b71f0ce9d073c928828fdfcc2be2ca15becaec57fe40", "price_changes": [{"asset_id": "8619289127082315589114815999409125381327269791350462481647741353946458653829", "price": "0.39", "size": "15949.64", "side": "BUY", "hash": "ce6f380c57a9e30ccc1dd8315879332572d9cb0d", "best_bid": "0.39", "best_ask": "0.4"}, {"asset_id": "74923745968257315934265628385982863730263587676962670180139007524135919914988", "price": "0.61", "size": "15949.64", "side": "SELL", "hash": "bc60d2b4e599ca5abf775b9011be2e285f9f6852", "best_bid": "0.6", "best_ask": "0.61"}], "timestamp": "1769384141006", "event_type": "price_change"}}
{"_local_timestamp": "2026-01-25T23:35:41.093202+00:00", "data": {"market": "0xcf0915e44e1373ba8674b71f0ce9d073c928828fdfcc2be2ca15becaec57fe40", "asset_id": "74923745968257315934265628385982863730263587676962670180139007524135919914988", "bids": [{"price": "0.01", "size": "614.74"}, {"price": "0.03", "size": "1100"}, {"price": "0.04", "size": "6.72"}, {"price": "0.08", "size": "100"}, {"price": "0.1", "size": "700"}, {"price": "0.11", "size": "5.3"}, {"price": "0.14", "size": "50"}, {"price": "0.2", "size": "400"}, {"price": "0.27", "size": "200"}, {"price": "0.5", "size": "600"}, {"price": "0.53", "size": "100"}, {"price": "0.54", "size": "175"}, {"price": "0.57", "size": "6000"}, {"price": "0.58", "size": "13615"}, {"price": "0.59", "size": "46095.12"}, {"price": "0.6", "size": "22972.49"}], "asks": [{"price": "0.99", "size": "600"}, {"price": "0.98", "size": "5.7"}, {"price": "0.97", "size": "1100"}, {"price": "0.96", "size": "7.02"}, {"price": "0.92", "size": "600"}, {"price": "0.91", "size": "6.72"}, {"price": "0.75", "size": "5"}, {"price": "0.73", "size": "200"}, {"price": "0.65", "size": "100"}, {"price": "0.64", "size": "100"}, {"price": "0.63", "size": "6010"}, {"price": "0.62", "size": "7382"}, {"price": "0.61", "size": "15949.64"}], "hash": "bc60d2b4e599ca5abf775b9011be2e285f9f6852", "timestamp": "1769384141006", "event_type": "book"}}
{"_local_timestamp": "2026-01-25T23:35:41.093836+00:00", "data": {"market": "0xcf0915e44e1373ba8674b71f0ce9d073c928828fdfcc2be2ca15becaec57fe40", "asset_id": "8619289127082315589114815999409125381327269791350462481647741353946458653829", "bids": [{"price": "0.01", "size": "600"}, {"price": "0.02", "size": "5.7"}, {"price": "0.03", "size": "1100"}, {"price": "0.04", "size": "7.02"}, {"price": "0.08", "size": "600"}, {"price": "0.09", "size": "6.72"}, {"price": "0.25", "size": "5"}, {"price": "0.27", "size": "200"}, {"price": "0.35", "size": "100"}, {"price": "0.36", "size": "100"}, {"price": "0.37", "size": "6010"}, {"price": "0.38", "size": "7382"}, {"price": "0.39", "size": "15949.64"}], "asks": [{"price": "0.99", "size": "614.74"}, {"price": "0.97", "size": "1100"}, {"price": "0.96", "size": "6.72"}, {"price": "0.92", "size": "100"}, {"price": "0.9", "size": "700"}, {"price": "0.89", "size": "5.3"}, {"price": "0.86", "size": "50"}, {"price": "0.8", "size": "400"}, {"price": "0.73", "size": "200"}, {"price": "0.5", "size": "600"}, {"price": "0.47", "size": "100"}, {"price": "0.46", "size": "175"}, {"price": "0.43", "size": "6000"}, {"price": "0.42", "size": "13615"}, {"price": "0.41", "size": "46095.12"}, {"price": "0.4", "size": "22972.49"}], "hash": "ce6f380c57a9e30ccc1dd8315879332572d9cb0d", "timestamp": "1769384141006", "event_type": "book"}}
{"_local_timestamp": "2026-01-25T23:35:41.100214+00:00", "data": {"market": "0xcf0915e44e1373ba8674b71f0ce9d073c928828fdfcc2be2ca15becaec57fe40", "asset_id": "74923745968257315934265628385982863730263587676962670180139007524135919914988", "price": "0.61", "size": "28.540982", "fee_rate_bps": "0", "side": "BUY", "timestamp": "1769384141034", "event_type": "last_trade_price", "transaction_hash": "0xc8ae42b98968d27b1ebd15f158e680cf44fd3e0867bf7092a285e4ce919db440"}}
{"_local_timestamp": "2026-01-25T23:35:46.777948+00:00", "data": {"market": "0x2603678ab07471eb733117c3994513130b9f18ed03e5a5ab418658082337e834", "price_changes": [{"asset_id": "76611829333312345830423823662974123578673875822426642099007495545449187336045", "price": "0.01", "size": "11.27", "side": "BUY", "hash": "5edbda72e9373b82ad14205173ee6a16ca55ab26", "best_bid": "0.2", "best_ask": "0.21"}, {"asset_id": "10617973766388210800264298606112207150419890243617468988222067491669088740570", "price": "0.99", "size": "11.27", "side": "SELL", "hash": "c2ce49bfd3ed2f57f04ea2375414135c306db097", "best_bid": "0.79", "best_ask": "0.8"}], "timestamp": "1769384146705", "event_type": "price_change"}}
{"_local_timestamp": "2026-01-25T23:35:46.778589+00:00", "data": {"market": "0xf768e7e853e31bce351b1e72a339114ba7795690d7764f28457a7818a77bb2c8", "price_changes": [{"asset_id": "51780717766619332237134216812387557287074762163318339417409710508597496839725", "price": "0.01", "size": "56.38", "side": "BUY", "hash": "4f7fbc611568705d120aa343107816e721d6779b", "best_bid": "0.26", "best_ask": "0.32"}, {"asset_id": "34483656870152287628482131354405616379245527782103018259423060655713832226233", "price": "0.99", "size": "56.38", "side": "SELL", "hash": "9dd6f0ab2d35e3b0d06174fbeb18576715ec4898", "best_bid": "0.68", "best_ask": "0.74"}], "timestamp": "1769384146705", "event_type": "price_change"}}
{"_local_timestamp": "2026-01-25T23:35:47.064674+00:00", "data": {"market": "0x2603678ab07471eb733117c3994513130b9f18ed03e5a5ab418658082337e834", "price_changes": [{"asset_id": "76611829333312345830423823662974123578673875822426642099007495545449187336045", "price": "0.01", "size": "55.63", "side": "BUY", "hash": "290f3c40941d247ae8ad6c904353a1d094f785c7", "best_bid": "0.2", "best_ask": "0.21"}, {"asset_id": "10617973766388210800264298606112207150419890243617468988222067491669088740570", "price": "0.99", "size": "55.63", "side": "SELL", "hash": "fe3dd63c34f378e52cb32ce8a1e29ce120c861fd", "best_bid": "0.79", "best_ask": "0.8"}], "timestamp": "1769384146988", "event_type": "price_change"}}
{"_local_timestamp": "2026-01-25T23:35:47.065278+00:00", "data": {"market": "0x2603678ab07471eb733117c3994513130b9f18ed03e5a5ab418658082337e834", "price_changes": [{"asset_id": "76611829333312345830423823662974123578673875822426642099007495545449187336045", "price": "0.01", "size": "99.99", "side": "BUY", "hash": "69a783c1197628fb67a21b62d40c6ef69b7f88ef", "best_bid": "0.2", "best_ask": "0.21"}, {"asset_id": "10617973766388210800264298606112207150419890243617468988222067491669088740570", "price": "0.99", "size": "99.99", "side": "SELL", "hash": "cd7b668d185f8e464ac9c0b2fa8032f2ebd7ee3b", "best_bid": "0.79", "best_ask": "0.8"}], "timestamp": "1769384146989", "event_type": "price_change"}}
{"_local_timestamp": "2026-01-25T23:35:47.610742+00:00", "data": {"market": "0xf768e7e853e31bce351b1e72a339114ba7795690d7764f28457a7818a77bb2c8", "price_changes": [{"asset_id": "51780717766619332237134216812387557287074762163318339417409710508597496839725", "price": "0.01", "size": "12.78", "side": "BUY", "hash": "42b38fddc39c8b68734681ec38fda27a6a669eb6", "best_bid": "0.26", "best_ask": "0.32"}, {"asset_id": "34483656870152287628482131354405616379245527782103018259423060655713832226233", "price": "0.99", "size": "12.78", "side": "SELL", "hash": "3050a2ab5d560725215a14d75de8a814dff548f4", "best_bid": "0.68", "best_ask": "0.74"}], "timestamp": "1769384147545", "event_type": "price_change"}}
{"_local_timestamp": "2026-01-25T23:35:47.932248+00:00", "data": {"market": "0xf768e7e853e31bce351b1e72a339114ba7795690d7764f28457a7818a77bb2c8", "price_changes": [{"asset_id": "51780717766619332237134216812387557287074762163318339417409710508597496839725", "price": "0.01", "size": "56.38", "side": "BUY", "hash": "44b487ad207a72aa44029f90a232f37b4fcf6060", "best_bid": "0.26", "best_ask": "0.32"}, {"asset_id": "34483656870152287628482131354405616379245527782103018259423060655713832226233", "price": "0.99", "size": "56.38", "side": "SELL", "hash": "98888548253c519da26481efb81d4c1666048918", "best_bid": "0.68", "best_ask": "0.74"}], "timestamp": "1769384147857", "event_type": "price_change"}}
{"_local_timestamp": "2026-01-25T23:35:47.932902+00:00", "data": {"market": "0xf768e7e853e31bce351b1e72a339114ba7795690d7764f28457a7818a77bb2c8", "price_changes": [{"asset_id": "51780717766619332237134216812387557287074762163318339417409710508597496839725", "price": "0.01", "size": "99.98", "side": "BUY", "hash": "f2e5528f65716f8239326ef1d33b8db7b482095a", "best_bid": "0.26", "best_ask": "0.32"}, {"asset_id": "34483656870152287628482131354405616379245527782103018259423060655713832226233", "price": "0.99", "size": "99.98", "side": "SELL", "hash": "1b331b4ce41ae43f4745cacab6168b35cafaa0e2", "best_bid": "0.68", "best_ask": "0.74"}], "timestamp": "1769384147858", "event_type": "price_change"}}
{"_local_timestamp": "2026-01-25T23:35:49.305821+00:00", "data": {"market": "0x2603678ab07471eb733117c3994513130b9f18ed03e5a5ab418658082337e834", "price_changes": [{"asset_id": "76611829333312345830423823662974123578673875822426642099007495545449187336045", "price": "0.01", "size": "55.63", "side": "BUY", "hash": "0769f7cb330c40d57e6bf6c1e254ceceac7d7ee2", "best_bid": "0.2", "best_ask": "0.21"}, {"asset_id": "10617973766388210800264298606112207150419890243617468988222067491669088740570", "price": "0.99", "size": "55.63", "side": "SELL", "hash": "98024b358ec6847e9a3ceb3785c99a3150e90024", "best_bid": "0.79", "best_ask": "0.8"}], "timestamp": "1769384149237", "event_type": "price_change"}}
{"_local_timestamp": "2026-01-25T23:35:49.306422+00:00", "data": {"market": "0xf768e7e853e31bce351b1e72a339114ba7795690d7764f28457a7818a77bb2c8", "price_changes": [{"asset_id": "51780717766619332237134216812387557287074762163318339417409710508597496839725", "price": "0.01", "size": "56.38", "side": "BUY", "hash": "01abeead2e8620880f12821db70240d585d55d5b", "best_bid": "0.26", "best_ask": "0.32"}, {"asset_id": "34483656870152287628482131354405616379245527782103018259423060655713832226233", "price": "0.99", "size": "56.38", "side": "SELL", "hash": "9e1e210fd0303b7d913a8f4ae052bd51f70310b5", "best_bid": "0.68", "best_ask": "0.74"}], "timestamp": "1769384149237", "event_type": "price_change"}}
{"_local_timestamp": "2026-01-25T23:35:50.121579+00:00", "data": {"market": "0x533a81505ca2248be288a01947ecfce42d87b23d1a00700fb04fdf24aebdcaa5", "price_changes": [{"asset_id": "115187750711915280094433093839714601273694837819836516553878918058217361080166", "price": "0.01", "size": "22.46", "side": "BUY", "hash": "338c1e46a20d25acbd510c9c8cd53e2f75a50a98", "best_bid": "0.49", "best_ask": "0.55"}, {"asset_id": "46687812117474109512932340164360891605335389811217020188139415372827733579944", "price": "0.99", "size": "22.46", "side": "SELL", "hash": "74ebf44cba67988357265c139a636acc8ea275c4", "best_bid": "0.45", "best_ask": "0.51"}], "timestamp": "1769384150009", "event_type": "price_change"}}
{"_local_timestamp": "2026-01-25T23:35:50.122357+00:00", "data": {"market": "0x234399959a5ed4c22a6369ba254291834c503f128547433507322b478da7b6b0", "price_changes": [{"asset_id": "65871133715141984354705415850235881957198349538841542921806656657482781544241", "price": "0.01", "size": "22.56", "side": "BUY", "hash": "4c4d57a96f109df4784b32949aa1a4b467c7d641", "best_bid": "0.54", "best_ask": "0.56"}, {"asset_id": "43751763720850687932267826358467885963296871491351664173640942664336811115210", "price": "0.99", "size": "22.56", "side": "SELL", "hash": "996b5b4bf81b1fd46b885e690077f85998ed9b55", "best_bid": "0.44", "best_ask": "0.46"}], "timestamp": "1769384150009", "event_type": "price_change"}}
{"_local_timestamp": "2026-01-25T23:35:50.148852+00:00", "data": {"market": "0x2603678ab07471eb733117c3994513130b9f18ed03e5a5ab418658082337e834", "price_changes": [{"asset_id": "76611829333312345830423823662974123578673875822426642099007495545449187336045", "price": "0.01", "size": "11.27", "side": "BUY", "hash": "aaa83446c19826d4c3ff96031c4d796a7e961fb1", "best_bid": "0.2", "best_ask": "0.21"}, {"asset_id": "10617973766388210800264298606112207150419890243617468988222067491669088740570", "price": "0.99", "size": "11.27", "side": "SELL", "hash": "c82a470ccfa701d8863a601f73bc385e59b105cc", "best_bid": "0.79", "best_ask": "0.8"}], "timestamp": "1769384150081", "event_type": "price_change"}}
{"_local_timestamp": "2026-01-25T23:35:50.610218+00:00", "data": {"market": "0xf768e7e853e31bce351b1e72a339114ba7795690d7764f28457a7818a77bb2c8", "price_changes": [{"asset_id": "51780717766619332237134216812387557287074762163318339417409710508597496839725", "price": "0.01", "size": "12.78", "side": "BUY", "hash": "6e4ef93582f3f60f4294ff25fe5d8753c24f6fe6", "best_bid": "0.26", "best_ask": "0.32"}, {"asset_id": "34483656870152287628482131354405616379245527782103018259423060655713832226233", "price": "0.99", "size": "12.78", "side": "SELL", "hash": "d98e050e5a7a953e0f5146324dbf7b9b508e8c6f", "best_bid": "0.68", "best_ask": "0.74"}], "timestamp": "1769384150504", "event_type": "price_change"}}
{"_local_timestamp": "2026-01-25T23:35:50.627646+00:00", "data": {"market": "0x2603678ab07471eb733117c3994513130b9f18ed03e5a5ab418658082337e834", "price_changes": [{"asset_id": "76611829333312345830423823662974123578673875822426642099007495545449187336045", "price": "0.01", "size": "55.63", "side": "BUY", "hash": "c821e49df0a87be6209cc12ae4d2483886445b1e", "best_bid": "0.2", "best_ask": "0.21"}, {"asset_id": "10617973766388210800264298606112207150419890243617468988222067491669088740570", "price": "0.99", "size": "55.63", "side": "SELL", "hash": "3f8e38cec2d54b3edd3d9991478332118e205721", "best_bid": "0.79", "best_ask": "0.8"}], "timestamp": "1769384150505", "event_type": "price_change"}}
{"_local_timestamp": "2026-01-25T23:35:50.633029+00:00", "data": {"market": "0x2603678ab07471eb733117c3994513130b9f18ed03e5a5ab418658082337e834", "price_changes": [{"asset_id": "76611829333312345830423823662974123578673875822426642099007495545449187336045", "price": "0.01", "size": "99.99", "side": "BUY", "hash": "7647cad4c91a4f68060bf89fb9fb2ee890ff4c37", "best_bid": "0.2", "best_ask": "0.21"}, {"asset_id": "10617973766388210800264298606112207150419890243617468988222067491669088740570", "price": "0.99", "size": "99.99", "side": "SELL", "hash": "348c77aed836d7480ffa3af36ecc9d0bd404315e", "best_bid": "0.79", "best_ask": "0.8"}], "timestamp": "1769384150505", "event_type": "price_change"}}
{"_local_timestamp": "2026-01-25T23:35:50.880378+00:00", "data": {"market": "0xf768e7e853e31bce351b1e72a339114ba7795690d7764f28457a7818a77bb2c8", "price_changes": [{"asset_id": "51780717766619332237134216812387557287074762163318339417409710508597496839725", "price": "0.01", "size": "56.38", "side": "BUY", "hash": "40cbd323b4dff90822c1410981755c2c07d41e10", "best_bid": "0.26", "best_ask": "0.32"}, {"asset_id": "34483656870152287628482131354405616379245527782103018259423060655713832226233", "price": "0.99", "size": "56.38", "side": "SELL", "hash": "304311ee35993b1245685d72136e446478fe779a", "best_bid": "0.68", "best_ask": "0.74"}], "timestamp": "1769384150809", "event_type": "price_change"}}
{"_local_timestamp": "2026-01-25T23:35:50.881165+00:00", "data": {"market": "0xf768e7e853e31bce351b1e72a339114ba7795690d7764f28457a7818a77bb2c8", "price_changes": [{"asset_id": "51780717766619332237134216812387557287074762163318339417409710508597496839725", "price": "0.01", "size": "99.98", "side": "BUY", "hash": "234e8f371766f448f9295711d761e9c1b73d890b", "best_bid": "0.26", "best_ask": "0.32"}, {"asset_id": "34483656870152287628482131354405616379245527782103018259423060655713832226233", "price": "0.99", "size": "99.98", "side": "SELL", "hash": "7f2679b46332b5f3a5de88cfe636d3fbed0bbba4", "best_bid": "0.68", "best_ask": "0.74"}], "timestamp": "1769384150810", "event_type": "price_change"}}
{"_local_timestamp": "2026-01-25T23:35:51.868588+00:00", "data": {"market": "0x2603678ab07471eb733117c3994513130b9f18ed03e5a5ab418658082337e834", "price_changes": [{"asset_id": "76611829333312345830423823662974123578673875822426642099007495545449187336045", "price": "0.01", "size": "55.63", "side": "BUY", "hash": "6b09f542b9e65dfaa738f33d8202d3631936b63e", "best_bid": "0.2", "best_ask": "0.21"}, {"asset_id": "10617973766388210800264298606112207150419890243617468988222067491669088740570", "price": "0.99", "size": "55.63", "side": "SELL", "hash": "fd91910a421948a80fbaa01b41212272acdd12da", "best_bid": "0.79", "best_ask": "0.8"}], "timestamp": "1769384151799", "event_type": "price_change"}}
{"_local_timestamp": "2026-01-25T23:35:52.714683+00:00", "data": {"market": "0x2603678ab07471eb733117c3994513130b9f18ed03e5a5ab418658082337e834", "price_changes": [{"asset_id": "76611829333312345830423823662974123578673875822426642099007495545449187336045", "price": "0.01", "size": "11.27", "side": "BUY", "hash": "e4733ff6b3099b4afe36bce07f45fa43dcd80e5c", "best_bid": "0.2", "best_ask": "0.21"}, {"asset_id": "10617973766388210800264298606112207150419890243617468988222067491669088740570", "price": "0.99", "size": "11.27", "side": "SELL", "hash": "f0447d96bd7a301f0ea1d13cb442231f9daa41c9", "best_bid": "0.79", "best_ask": "0.8"}], "timestamp": "1769384152633", "event_type": "price_change"}}
{"_local_timestamp": "2026-01-25T23:35:53.015791+00:00", "data": {"market": "0x2603678ab07471eb733117c3994513130b9f18ed03e5a5ab418658082337e834", "price_changes": [{"asset_id": "76611829333312345830423823662974123578673875822426642099007495545449187336045", "price": "0.01", "size": "55.63", "side": "BUY", "hash": "9fb367cbd9306501010bca7e93c6b98d88e0f625", "best_bid": "0.2", "best_ask": "0.21"}, {"asset_id": "10617973766388210800264298606112207150419890243617468988222067491669088740570", "price": "0.99", "size": "55.63", "side": "SELL", "hash": "058a1b501762c599a0caefee2efc8fd37e44b2ea", "best_bid": "0.79", "best_ask": "0.8"}], "timestamp": "1769384152947", "event_type": "price_change"}}
{"_local_timestamp": "2026-01-25T23:35:53.016531+00:00", "data": {"market": "0x2603678ab07471eb733117c3994513130b9f18ed03e5a5ab418658082337e834", "price_changes": [{"asset_id": "76611829333312345830423823662974123578673875822426642099007495545449187336045", "price": "0.01", "size": "99.99", "side": "BUY", "hash": "3982adf0214de70405c88153e109a92b996e1e9b", "best_bid": "0.2", "best_ask": "0.21"}, {"asset_id": "10617973766388210800264298606112207150419890243617468988222067491669088740570", "price": "0.99", "size": "99.99", "side": "SELL", "hash": "ea316a3c8c0f0a5493b3e9da562b8bd3639d1985", "best_bid": "0.79", "best_ask": "0.8"}], "timestamp": "1769384152948", "event_type": "price_change"}}
{"_local_timestamp": "2026-01-25T23:35:53.569881+00:00", "data": {"market": "0xf768e7e853e31bce351b1e72a339114ba7795690d7764f28457a7818a77bb2c8", "price_changes": [{"asset_id": "51780717766619332237134216812387557287074762163318339417409710508597496839725", "price": "0.01", "size": "56.38", "side": "BUY", "hash": "2ba7446e9cfeef44fca24cef9fd6fe798729e29a", "best_bid": "0.26", "best_ask": "0.32"}, {"asset_id": "34483656870152287628482131354405616379245527782103018259423060655713832226233", "price": "0.99", "size": "56.38", "side": "SELL", "hash": "9e3c59d6804540757ce725a3d86b7161e386cfb7", "best_bid": "0.68", "best_ask": "0.74"}], "timestamp": "1769384153487", "event_type": "price_change"}}
