{"_local_timestamp": "2026-01-25T23:41:25.533596+00:00", "data": [{"market": "0x4410aca3a0fc9b5f50da0ac3232fe3d7796effe673697e4de80e63c3f850e2b6", "asset_id": "12960780696302692795365806171578964608567781021636713369142799408696231712351", "timestamp": "1769384408856", "hash": "142666f680cbe445f152fc7650a6c5bf63a59ee7", "bids": [{"price": "0.001", "size": "2928.99"}, {"price": "0.003", "size": "100"}, {"price": "0.005", "size": "200"}, {"price": "0.007", "size": "100"}, {"price": "0.01", "size": "22257"}, {"price": "0.015", "size": "3950"}, {"price": "0.02", "size": "3599"}, {"price": "0.021", "size": "38.75"}], "asks": [{"price": "0.999", "size": "1528.99"}, {"price": "0.99", "size": "50"}, {"price": "0.97", "size": "1100"}, {"price": "0.92", "size": "600"}, {"price": "0.9", "size": "10"}, {"price": "0.86", "size": "50"}, {"price": "0.8", "size": "400"}, {"price": "0.73", "size": "200"}, {"price": "0.64", "size": "4344"}, {"price": "0.61", "size": "3386.5"}, {"price": "0.58", "size": "2567.5"}, {"price": "0.55", "size": "1776.25"}, {"price": "0.52", "size": "1005"}, {"price": "0.51", "size": "1002"}, {"price": "0.5", "size": "1117.49"}, {"price": "0.4", "size": "166.66"}, {"price": "0.15", "size": "5"}, {"price": "0.09", "size": "50"}, {"price": "0.08", "size": "100"}, {"price": "0.07", "size": "209"}, {"price": "0.06", "size": "344.22"}, {"price": "0.05", "size": "227"}, {"price": "0.038", "size": "555"}, {"price": "0.034", "size": "582"}, {"price": "0.032", "size": "1034"}, {"price": "0.031", "size": "380.84"}, {"price": "0.025", "size": "295.21"}], "event_type": "book", "last_trade_price": "0.021"}, {"market": "0x39f23c8557c2b7bd43fe494d148c5388d6c77c74de39423a926641b7395a81d9", "asset_id": "8784603573267379459118988023146346245439703308938807910973509681648916918498", "timestamp": "1769384409405", "hash": "6d9d316d9cb7929a1b523b45da55b3d0d2f0d74e", "bids": [{"price": "0.01", "size": "50"}, {"price": "0.02", "size": "5.47"}], "asks": [{"price": "0.99", "size": "50"}], "event_type": "book", "last_trade_price": ""}, {"market": "0x78ddd77cfdc396a878fe50e97962a8e7c1f269dde81f31e4ac61c590ef2ec8c2", "asset_id": "103095283277353088629077174478706049824861017494292974381486663505411556407518", "timestamp": "1769384408856", "hash": "7fd2ffe556fbbb79252551e1def9e1aa8bea2493", "bids": [{"price": "0.01", "size": "50"}], "asks": [{"price": "0.99", "size": "50"}, {"price": "0.98", "size": "5.47"}], "event_type": "book", "last_trade_price": ""}, {"market": "0x00fddaa30ddb3cc291538dfa0210d67076fa62432b3cb611549ab8bcbefa184a", "asset_id": "96555176248762849114270743363922933340416514524866137208841389885251645488330", "timestamp": "1769384457004", "hash": "60bbe07282f30d45df8964ade3f8503d75260705", "bids": [{"price": "0.01", "size": "50"}], "asks": [{"price": "0.99", "size": "50"}, {"price": "0.94", "size": "1005.47"}], "event_type": "book", "last_trade_price": ""}, {"market": "0x9068c5781252e5fc4380f412caa2c6a28b6e8aec6b13b2c8d07b6edc15b5524a", "asset_id": "110239185460772098249406874549592644350324958860713353157655860953696379533021", "timestamp": "1769384408855", "hash": "273de872d37127a1f9cd3a013f13afd1d68ad2d0", "bids": [{"price": "0.01", "size": "50"}, {"price": "0.02", "size": "5.47"}], "asks": [{"price": "0.99", "size": "50"}], "event_type": "book", "last_trade_price": ""}, {"market": "0x11bda2a67b3bb7d25a2a85e66d961beb3a9b0ff5802383de4d8eb06958dfbd25", "asset_id": "77665482694312067404022284039307959317989785784901081226502318608952317108703", "timestamp": "1769384457001", "hash": "88ced134d3e2daaafa9923378488291ae33fbf64", "bids": [{"price": "0.01", "size": "130"}, {"price": "0.04", "size": "3376"}, {"price": "0.05", "size": "3975"}, {"price": "0.06", "size": "1045"}], "asks": [{"price": "0.99", "size": "50"}, {"price": "0.97", "size": "100"}, {"price": "0.92", "size": "100"}, {"price": "0.86", "size": "50"}, {"price": "0.8", "size": "200"}, {"price": "0.51", "size": "1002"}, {"price": "0.5", "size": "1000"}, {"price": "0.08", "size": "611"}], "event_type": "book", "last_trade_price": "0.070"}, {"market": "0x00fddaa30ddb3cc291538dfa0210d67076fa62432b3cb611549ab8bcbefa184a", "asset_id": "25963108714775085023598215698432130621757600397959437017516275975394672153097", "timestamp": "1769384457004", "hash": "9b766c90b26fe6a900198a281dcc528f2ae25dce", "bids": [{"price": "0.01", "size": "50"}, {"price": "0.06", "size": "1005.47"}], "asks": [{"price": "0.99", "size": "50"}], "event_type": "book", "last_trade_price": ""}, {"market": "0x11bda2a67b3bb7d25a2a85e66d961beb3a9b0ff5802383de4d8eb06958dfbd25", "asset_id": "59946420638527075068094017657007439046680089185161119140821135355801195106706", "timestamp": "1769384457001", "hash": "40bf1055db329cc23a32d15143395285b4b87569", "bids": [{"price": "0.01", "size": "50"}, {"price": "0.03", "size": "100"}, {"price": "0.08", "size": "100"}, {"price": "0.14", "size": "50"}, {"price": "0.2", "size": "200"}, {"price": "0.49", "size": "1002"}, {"price": "0.5", "size": "1000"}, {"price": "0.92", "size": "611"}], "asks": [{"price": "0.99", "size": "130"}, {"price": "0.96", "size": "3376"}, {"price": "0.95", "size": "3975"}, {"price": "0.94", "size": "1045"}], "event_type": "book", "last_trade_price": "0.070"}, {"market": "0x4410aca3a0fc9b5f50da0ac3232fe3d7796effe673697e4de80e63c3f850e2b6", "asset_id": "66849841204764556934696568105307233935402465549434266880831999866159134523664", "timestamp": "1769384408856", "hash": "380c07c8f80cf6ad92c407b38956f0524f8def95", "bids": [{"price": "0.001", "size": "1528.99"}, {"price": "0.01", "size": "50"}, {"price": "0.03", "size": "1100"}, {"price": "0.08", "size": "600"}, {"price": "0.1", "size": "10"}, {"price": "0.14", "size": "50"}, {"price": "0.2", "size": "400"}, {"price": "0.27", "size": "200"}, {"price": "0.36", "size": "4344"}, {"price": "0.39", "size": "3386.5"}, {"price": "0.42", "size": "2567.5"}, {"price": "0.45", "size": "1776.25"}, {"price": "0.48", "size": "1005"}, {"price": "0.49", "size": "1002"}, {"price": "0.5", "size": "1117.49"}, {"price": "0.6", "size": "166.66"}, {"price": "0.85", "size": "5"}, {"price": "0.91", "size": "50"}, {"price": "0.92", "size": "100"}, {"price": "0.93", "size": "209"}, {"price": "0.94", "size": "344.22"}, {"price": "0.95", "size": "227"}, {"price": "0.962", "size": "555"}, {"price": "0.966", "size": "582"}, {"price": "0.968", "size": "1034"}, {"price": "0.969", "size": "380.84"}, {"price": "0.975", "size": "295.21"}], "asks": [{"price": "0.999", "size": "2928.99"}, {"price": "0.997", "size": "100"}, {"price": "0.995", "size": "200"}, {"price": "0.993", "size": "100"}, {"price": "0.99", "size": "22257"}, {"price": "0.985", "size": "3950"}, {"price": "0.98", "size": "3599"}, {"price": "0.979", "size": "38.75"}], "event_type": "book", "last_trade_price": "0.021"}, {"market": "0x2e682de014b1107bbbe99b51fda0bd738e06be920b206ca2155c176e526d0b71", "asset_id": "66478363277733429083385177739383520176384178209951838647499870568419447942296", "timestamp": "1769384457001", "hash": "4f89c8ac492bdc5f5c38a718b234cf875dcd86b9", "bids": [{"price": "0.01", "size": "50"}, {"price": "0.03", "size": "100"}, {"price": "0.22", "size": "2466"}, {"price": "0.25", "size": "1914.25"}, {"price": "0.28", "size": "1420"}, {"price": "0.31", "size": "964.25"}, {"price": "0.34", "size": "538"}, {"price": "0.35", "size": "534"}, {"price": "0.36", "size": "1895.5"}], "asks": [{"price": "0.99", "size": "50"}, {"price": "0.97", "size": "100"}, {"price": "0.92", "size": "100"}, {"price": "0.64", "size": "2122"}, {"price": "0.61", "size": "1693.25"}, {"price": "0.58", "size": "1283.75"}, {"price": "0.55", "size": "888.12"}, {"price": "0.52", "size": "502.5"}, {"price": "0.51", "size": "501"}, {"price": "0.5", "size": "500"}, {"price": "0.42", "size": "339"}], "event_type": "book", "last_trade_price": ""}, {"market": "0x6535b5298489fb13dbd8ccd8e159c863fc5f200bfa0fa54f42a4522277421bae", "asset_id": "70434658428379999369252938904488849693086861442981639719364000205857607396973", "timestamp": "1769384457005", "hash": "4428881ccd0470c3a522b286bd98388f1bfafb4b", "bids": [{"price": "0.01", "size": "50"}, {"price": "0.09", "size": "1916"}, {"price": "0.1", "size": "4050"}, {"price": "0.11", "size": "1000"}], "asks": [{"price": "0.99", "size": "50"}, {"price": "0.97", "size": "100"}, {"price": "0.92", "size": "100"}, {"price": "0.86", "size": "50"}, {"price": "0.8", "size": "200"}, {"price": "0.73", "size": "200"}, {"price": "0.66", "size": "100"}, {"price": "0.51", "size": "1002"}, {"price": "0.5", "size": "1000"}, {"price": "0.15", "size": "333.33"}, {"price": "0.14", "size": "2180"}], "event_type": "book", "last_trade_price": "0.120"}, {"market": "0x6535b5298489fb13dbd8ccd8e159c863fc5f200bfa0fa54f42a4522277421bae", "asset_id": "7877543056363159509921869877511237484906584134343838187388167251287924451427", "timestamp": "1769384457005", "hash": "ad870e2692b8c30574ccaded5e9f91f70c3dbd53", "bids": [{"price": "0.01", "size": "50"}, {"price": "0.03", "size": "100"}, {"price": "0.08", "size": "100"}, {"price": "0.14", "size": "50"}, {"price": "0.2", "size": "200"}, {"price": "0.27", "size": "200"}, {"price": "0.34", "size": "100"}, {"price": "0.49", "size": "1002"}, {"price": "0.5", "size": "1000"}, {"price": "0.85", "size": "333.33"}, {"price": "0.86", "size": "2180"}], "asks": [{"price": "0.99", "size": "50"}, {"price": "0.91", "size": "1916"}, {"price": "0.9", "size": "4050"}, {"price": "0.89", "size": "1000"}], "event_type": "book", "last_trade_price": "0.120"}, {"market": "0x0f39b07d28636179805c9d158e9e191204960b87e6a86eac4d2030fd5d027e0f", "asset_id": "87765154917908111244501366665592855608056290890588349234922552262157630841567", "timestamp": "1769384457000", "hash": "278794bd7a48999886160472959f57aefcc43327", "bids": [{"price": "0.01", "size": "50"}], "asks": [{"price": "0.99", "size": "50"}, {"price": "0.94", "size": "1005.47"}], "event_type": "book", "last_trade_price": ""}, {"market": "0x78ddd77cfdc396a878fe50e97962a8e7c1f269dde81f31e4ac61c590ef2ec8c2", "asset_id": "23417215001653764512108084679075662722256925089884328556057093714727013903746", "timestamp": "1769384408856", "hash": "d496244b8c5171893cd8cc15bb31dd6dcb52000f", "bids": [{"price": "0.01", "size": "50"}, {"price": "0.02", "size": "5.47"}], "asks": [{"price": "0.99", "size": "50"}], "event_type": "book", "last_trade_price": ""}, {"market": "0x39f23c8557c2b7bd43fe494d148c5388d6c77c74de39423a926641b7395a81d9", "asset_id": "110082936973118695921702924406111796337479664549408524536441428488656067605508", "timestamp": "1769384409405", "hash": "b6992fff3fbb108e7712ccfd3ec3f8400d9991a4", "bids": [{"price": "0.01", "size": "50"}], "asks": [{"price": "0.99", "size": "50"}, {"price": "0.98", "size": "5.47"}], "event_type": "book", "last_trade_price": ""}, {"market": "0x9068c5781252e5fc4380f412caa2c6a28b6e8aec6b13b2c8d07b6edc15b5524a", "asset_id": "69044625723365598578357499395648334183014549093427659659088778236818226359455", "timestamp": "1769384408855", "hash": "6a93078b6b419edd9d1c9c33425d95a19123f24e", "bids": [{"price": "0.01", "size": "50"}], "asks": [{"price": "0.99", "size": "50"}, {"price": "0.98", "size": "5.47"}], "event_type": "book", "last_trade_price": ""}, {"market": "0x2e682de014b1107bbbe99b51fda0bd738e06be920b206ca2155c176e526d0b71", "asset_id": "72722740413428991232476199440482616266848807562551171262643304997471835041335", "timestamp": "1769384457001", "hash": "48efacd658a775a9926417cefe20ac9747b2e861", "bids": [{"price": "0.01", "size": "50"}, {"price": "0.03", "size": "100"}, {"price": "0.08", "size": "100"}, {"price": "0.36", "size": "2122"}, {"price": "0.39", "size": "1693.25"}, {"price": "0.42", "size": "1283.75"}, {"price": "0.45", "size": "888.12"}, {"price": "0.48", "size": "502.5"}, {"price": "0.49", "size": "501"}, {"price": "0.5", "size": "500"}, {"price": "0.58", "size": "339"}], "asks": [{"price": "0.99", "size": "50"}, {"price": "0.97", "size": "100"}, {"price": "0.78", "size": "2466"}, {"price": "0.75", "size": "1914.25"}, {"price": "0.72", "size": "1420"}, {"price": "0.69", "size": "964.25"}, {"price": "0.66", "size": "538"}, {"price": "0.65", "size": "534"}, {"price": "0.64", "size": "1895.5"}], "event_type": "book", "last_trade_price": ""}, {"market": "0x0f39b07d28636179805c9d158e9e191204960b87e6a86eac4d2030fd5d027e0f", "asset_id": "33008712146240511401124961944195755274706723935095526526368468739543840310570", "timestamp": "1769384457000", "hash": "dbc87006aed3e9c7ff23b302c302ba2d60e334c5", "bids": [{"price": "0.01", "size": "50"}, {"price": "0.06", "size": "1005.47"}], "asks": [{"price": "0.99", "size": "50"}], "event_type": "book", "last_trade_price": ""}]}
