{"_local_timestamp": "2026-01-25T23:34:26.304105+00:00", "data": [{"market": "0x2c9f080a01989b8f75f992bf8f3d1e16e1f160fc29d45b260bc60781c2945d82", "asset_id": "1508458482139122917153682874902057907310628339139750368104729193114899951425", "timestamp": "1769383565623", "hash": "3444b10daf87de5a6aac91e919f6b61c191d945d", "bids": [{"price": "0.01", "size": "101.24"}, {"price": "0.02", "size": "24.37"}], "asks": [{"price": "0.99", "size": "100"}, {"price": "0.98", "size": "30.47"}], "event_type": "book", "last_trade_price": ""}, {"market": "0x87953c22f69c67993253b9065e41faed87078e7a3cdde40ada8d3dd2d435365a", "asset_id": "109931330140173980717511127499199082428929566610203254790102530607810611909359", "timestamp": "1769383392612", "hash": "11b62d26294e12760ff7df2c1fecebff793d5b6f", "bids": [{"price": "0.01", "size": "100"}, {"price": "0.02", "size": "30.47"}], "asks": [{"price": "0.99", "size": "101.24"}, {"price": "0.98", "size": "24.37"}], "event_type": "book", "last_trade_price": ""}, {"market": "0xe7ed9ef5bb4f65922b837c5bb42021a360d5e0cfd740ed76ae3a8ba2362847f0", "asset_id": "98757142814754661263088646285130031233407690168682862383560196537391484707408", "timestamp": "1769383389359", "hash": "352a714dc54604c5e6a4b787e38dfd2960f18cf2", "bids": [{"price": "0.01", "size": "100"}, {"price": "0.02", "size": "30.47"}], "asks": [{"price": "0.99", "size": "101.24"}, {"price": "0.98", "size": "24.37"}], "event_type": "book", "last_trade_price": ""}, {"market": "0x470aad31f33de5da93ac98cdc4b99b25a8f26dd139eb5b1c00db5b3ad63cd336", "asset_id": "25644661719883901599023074031438126092228307407029806999898329646459082619033", "timestamp": "1769383384890", "hash": "e00ec11b150d161a738a5c981c5b54d92ea9b8ef", "bids": [{"price": "0.01", "size": "101.24"}, {"price": "0.02", "size": "24.37"}], "asks": [{"price": "0.99", "size": "100"}, {"price": "0.98", "size": "30.47"}], "event_type": "book", "last_trade_price": ""}, {"market": "0x2c9f080a01989b8f75f992bf8f3d1e16e1f160fc29d45b260bc60781c2945d82", "asset_id": "74051292259229423582311360445574170727914649206938129849317359569354976233228", "timestamp": "1769383565623", "hash": "6bf30027a9a66eb45f1daa800bb811a65000a938", "bids": [{"price": "0.01", "size": "100"}, {"price": "0.02", "size": "30.47"}], "asks": [{"price": "0.99", "size": "101.24"}, {"price": "0.98", "size": "24.37"}], "event_type": "book", "last_trade_price": ""}, {"market": "0xe6c53619f8fe2fe934e371383a1ea1d72269f0206dc16f1f73c79dcca448b04d", "asset_id": "18582409396416270774872547087279385908436557444272349476107948436858380057823", "timestamp": "1769383565622", "hash": "a9b0cb8e9697d8f0cac898b5cf3627b3932e4a59", "bids": [{"price": "0.01", "size": "101.24"}, {"price": "0.02", "size": "24.37"}], "asks": [{"price": "0.99", "size": "100"}, {"price": "0.98", "size": "30.47"}], "event_type": "book", "last_trade_price": ""}, {"market": "0x463876cb4984d87c03650dfbe425ee7b049c58bb19dc8d7ac00b53af5047ebec", "asset_id": "92716196090862766033465607035233801957192249270858300820075245114129948722792", "timestamp": "1769383386274", "hash": "cc8645754e4596b66589cf789599857cce71f0e3", "bids": [{"price": "0.01", "size": "101.24"}, {"price": "0.02", "size": "24.37"}], "asks": [{"price": "0.99", "size": "100"}, {"price": "0.98", "size": "30.47"}], "event_type": "book", "last_trade_price": ""}, {"market": "0x463876cb4984d87c03650dfbe425ee7b049c58bb19dc8d7ac00b53af5047ebec", "asset_id": "44001182449305947784289296362630476584519346026492902778520708901046857578945", "timestamp": "1769383386274", "hash": "b73017dd848c8260aec808e7b4745283174d94f2", "bids": [{"price": "0.01", "size": "100"}, {"price": "0.02", "size": "30.47"}], "asks": [{"price": "0.99", "size": "101.24"}, {"price": "0.98", "size": "24.37"}], "event_type": "book", "last_trade_price": ""}, {"market": "0x88ee6d7961dae303964031b36db70e416919ec3b073d511762197ac5490797e2", "asset_id": "105117193960558788066759106361507213044157949759617497228378273593981116446944", "timestamp": "1769383388548", "hash": "e128abfcae0b9a6f2bbd0599b8edebecdc6cb34e", "bids": [{"price": "0.01", "size": "100"}, {"price": "0.02", "size": "30.47"}], "asks": [{"price": "0.99", "size": "101.24"}, {"price": "0.98", "size": "24.37"}], "event_type": "book", "last_trade_price": ""}, {"market": "0x470aad31f33de5da93ac98cdc4b99b25a8f26dd139eb5b1c00db5b3ad63cd336", "asset_id": "85073607959304675699112774498597560532404817388526183657628642602853579401846", "timestamp": "1769383384890", "hash": "593dc5e3d3e256ad77db92f09b224249b02cf208", "bids": [{"price": "0.01", "size": "100"}, {"price": "0.02", "size": "30.47"}], "asks": [{"price": "0.99", "size": "101.24"}, {"price": "0.98", "size": "24.37"}], "event_type": "book", "last_trade_price": ""}, {"market": "0x88ee6d7961dae303964031b36db70e416919ec3b073d511762197ac5490797e2", "asset_id": "79303049902260114902423196980250333914694708131512868606399085282323539097810", "timestamp": "1769383388548", "hash": "d080d9f8dccc99ad56113ad44b464af89b208ff4", "bids": [{"price": "0.01", "size": "101.24"}, {"price": "0.02", "size": "24.37"}], "asks": [{"price": "0.99", "size": "100"}, {"price": "0.98", "size": "30.47"}], "event_type": "book", "last_trade_price": ""}, {"market": "0x0fbb608effa08f5a292ad94408281aaa39a9dac6662fef30cbea42ba8913ebbe", "asset_id": "7502066363859582236592664753120502551231294296280429024525977953698509882077", "timestamp": "1769383413805", "hash": "7cc9ba17881ded5ccad68152c307a910a7bbf7a6", "bids": [{"price": "0.01", "size": "100"}, {"price": "0.02", "size": "30.47"}, {"price": "0.1", "size": "110"}], "asks": [{"price": "0.99", "size": "100"}, {"price": "0.98", "size": "25"}, {"price": "0.9", "size": "110"}], "event_type": "book", "last_trade_price": ""}, {"market": "0xe6c53619f8fe2fe934e371383a1ea1d72269f0206dc16f1f73c79dcca448b04d", "asset_id": "60482892811226617906909669901050720924794583133626936913162501056720533562848", "timestamp": "1769383565622", "hash": "7f4736483c6fd08ac1ddbe4a22c6dc1612aab67f", "bids": [{"price": "0.01", "size": "100"}, {"price": "0.02", "size": "30.47"}], "asks": [{"price": "0.99", "size": "101.24"}, {"price": "0.98", "size": "24.37"}], "event_type": "book", "last_trade_price": ""}, {"market": "0x0fbb608effa08f5a292ad94408281aaa39a9dac6662fef30cbea42ba8913ebbe", "asset_id": "46376946220398564586565252053719296551930531158749506598305134260045395911708", "timestamp": "1769383413805", "hash": "349b9dde724fc8d0101f2a3ef9d1a82b7bb1ad87", "bids": [{"price": "0.01", "size": "100"}, {"price": "0.02", "size": "25"}, {"price": "0.1", "size": "110"}], "asks": [{"price": "0.99", "size": "100"}, {"price": "0.98", "size": "30.47"}, {"price": "0.9", "size": "110"}], "event_type": "book", "last_trade_price": ""}, {"market": "0xdbc0558fc5bd39d7d2922491a087d9befabd3385ab1e15253ff71cd443e3acd8", "asset_id": "32483810079569394771574472379816356290392033964945657708654666816326053947167", "timestamp": "1769383388547", "hash": "865eb214f8a986a3f2f9c51a3ab88215dbb860cf", "bids": [{"price": "0.01", "size": "101.24"}, {"price": "0.02", "size": "24.37"}], "asks": [{"price": "0.99", "size": "100"}, {"price": "0.98", "size": "30.47"}], "event_type": "book", "last_trade_price": ""}, {"market": "0xdbc0558fc5bd39d7d2922491a087d9befabd3385ab1e15253ff71cd443e3acd8", "asset_id": "64946014093185732479918092255274595908396662368254204108661292664739126874900", "timestamp": "1769383388547", "hash": "4956987104e7f6a7035dffab55b1e37108a85812", "bids": [{"price": "0.01", "size": "100"}, {"price": "0.02", "size": "30.47"}], "asks": [{"price": "0.99", "size": "101.24"}, {"price": "0.98", "size": "24.37"}], "event_type": "book", "last_trade_price": ""}, {"market": "0xe7ed9ef5bb4f65922b837c5bb42021a360d5e0cfd740ed76ae3a8ba2362847f0", "asset_id": "37462551510273933418047858212180417075876826283913481915389874043384123644553", "timestamp": "1769383389359", "hash": "e5aaf917e87c3fa1f615e95d5ff7adda0f8958e6", "bids": [{"price": "0.01", "size": "101.24"}, {"price": "0.02", "size": "24.37"}], "asks": [{"price": "0.99", "size": "100"}, {"price": "0.98", "size": "30.47"}], "event_type": "book", "last_trade_price": ""}, {"market": "0x87953c22f69c67993253b9065e41faed87078e7a3cdde40ada8d3dd2d435365a", "asset_id": "7413729163628858804149486099272830293719663877084187172732975990556841419007", "timestamp": "1769383392612", "hash": "6117e0ec93ecf823f6dcd718ba3d2e5ac66eb277", "bids": [{"price": "0.01", "size": "101.24"}, {"price": "0.02", "size": "24.37"}], "asks": [{"price": "0.99", "size": "100"}, {"price": "0.98", "size": "30.47"}], "event_type": "book", "last_trade_price": ""}]}
