{"_local_timestamp": "2026-01-25T23:41:25.533596+00:00", "data": [{"market": "0x4410aca3a0fc9b5f50da0ac3232fe3d7796effe673697e4de80e63c3f850e2b6", "asset_id": "12960780696302692795365806171578964608567781021636713369142799408696231712351", "timestamp": "1769384408856", "hash": "142666f680cbe445f152fc7650a6c5bf63a59ee7", "bids": [{"price": "0.001", "size": "2928.99"}, {"price": "0.003", "size": "100"}, {"price": "0.005", "size": "200"}, {"price": "0.007", "size": "100"}, {"price": "0.01", "size": "22257"}, {"price": "0.015", "size": "3950"}, {"price": "0.02", "size": "3599"}, {"price": "0.021", "size": "38.75"}], "asks": [{"price": "0.999", "size": "1528.99"}, {"price": "0.99", "size": "50"}, {"price": "0.97", "size": "1100"}, {"price": "0.92", "size": "600"}, {"price": "0.9", "size": "10"}, {"price": "0.86", "size": "50"}, {"price": "0.8", "size": "400"}, {"price": "0.73", "size": "200"}, {"price": "0.64", "size": "4344"}, {"price": "0.61", "size": "3386.5"}, {"price": "0.58", "size": "2567.5"}, {"price": "0.55", "size": "1776.25"}, {"price": "0.52", "size": "1005"}, {"price": "0.51", "size": "1002"}, {"price": "0.5", "size": "1117.49"}, {"price": "0.4", "size": "166.66"}, {"price": "0.15", "size": "5"}, {"price": "0.09", "size": "50"}, {"price": "0.08", "size": "100"}, {"price": "0.07", "size": "209"}, {"price": "0.06", "size": "344.22"}, {"price": "0.05", "size": "227"}, {"price": "0.038", "size": "555"}, {"price": "0.034", "size": "582"}, {"price": "0.032", "size": "1034"}, {"price": "0.031", "size": "380.84"}, {"price": "0.025", "size": "295.21"}], "event_type": "book", "last_trade_price": "0.021"}, {"market": "0x39f23c8557c2b7bd43fe494d148c5388d6c77c74de39423a926641b7395a81d9", "asset_id": "8784603573267379459118988023146346245439703308938807910973509681648916918498", "timestamp": "1769384409405", "hash": "6d9d316d9cb7929a1b523b45da55b3d0d2f0d74e", "bids": [{"price": "0.01", "size": "50"}, {"price": "0.02", "size": "5.47"}], "asks": [{"price": "0.99", "size": "50"}], "event_type": "book", "last_trade_price": ""}, {"market": "0x78ddd77cfdc396a878fe50e97962a8e7c1f269dde81f31e4ac61c590ef2ec8c2", "asset_id": "103095283277353088629077174478706049824861017494292974381486663505411556407518", "timestamp": "1769384408856", "hash": "7fd2ffe556fbbb79252551e1def9e1aa8bea2493", "bids": [{"price": "0.01", "size": "50"}], "asks": [{"price": "0.99", "size": "50"}, {"price": "0.98", "size": "5.47"}], "event_type": "book", "last_trade_price": ""}, {"market": "0x00fddaa30ddb3cc291538dfa0210d67076fa62432b3cb611549ab8bcbefa184a", "asset_id": "96555176248762849114270743363922933340416514524866137208841389885251645488330", "timestamp": "1769384457004", "hash": "60bbe07282f30d45df8964ade3f8503d75260705", "bids": [{"price": "0.01", "size": "50"}], "asks": [{"price": "0.99", "size": "50"}, {"price": "0.94", "size": "1005.47"}], "event_type": "book", "last_trade_price": ""}, {"market": "0x9068c5781252e5fc4380f412caa2c6a28b6e8aec6b13b2c8d07b6edc15b5524a", "asset_id": "110239185460772098249406874549592644350324958860713353157655860953696379533021", "timestamp": "1769384408855", "hash": "273de872d37127a1f9cd3a013f13afd1d68ad2d0", "bids": [{"price": "0.01", "size": "50"}, {"price": "0.02", "size": "5.47"}], "asks": [{"price": "0.99", "size": "50"}], "event_type": "book", "last_trade_price": ""}, {"market": "0x11bda2a67b3bb7d25a2a85e66d961beb3a9b0ff5802383de4d8eb06958dfbd25", "asset_id": "77665482694312067404022284039307959317989785784901081226502318608952317108703", "timestamp": "1769384457001", "hash": "88ced134d3e2daaafa9923378488291ae33fbf64", "bids": [{"price": "0.01", "size": "130"}, {"price": "0.04", "size": "3376"}, {"price": "0.05", "size": "3975"}, {"price": "0.06", "size": "1045"}], "asks": [{"price": "0.99", "size": "50"}, {"price": "0.97", "size": "100"}, {"price": "0.92", "size": "100"}, {"price": "0.86", "size": "50"}, {"price": "0.8", "size": "200"}, {"price": "0.51", "size": "1002"}, {"price": "0.5", "size": "1000"}, {"price": "0.08", "size": "611"}], "event_type": "book", "last_trade_price": "0.070"}, {"market": "0x00fddaa30ddb3cc291538dfa0210d67076fa62432b3cb611549ab8bcbefa184a", "asset_id": "25963108714775085023598215698432130621757600397959437017516275975394672153097", "timestamp": "1769384457004", "hash": "9b766c90b26fe6a900198a281dcc528f2ae25dce", "bids": [{"price": "0.01", "size": "50"}, {"price": "0.06", "size": "1005.47"}], "asks": [{"price": "0.99", "size": "50"}], "event_type": "book", "last_trade_price": ""}, {"market": "0x11bda2a67b3bb7d25a2a85e66d961beb3a9b0ff5802383de4d8eb06958dfbd25", "asset_id": "59946420638527075068094017657007439046680089185161119140821135355801195106706", "timestamp": "1769384457001", "hash": "40bf1055db329cc23a32d15143395285b4b87569", "bids": [{"price": "0.01", "size": "50"}, {"price": "0.03", "size": "100"}, {"price": "0.08", "size": "100"}, {"price": "0.14", "size": "50"}, {"price": "0.2", "size": "200"}, {"price": "0.49", "size": "1002"}, {"price": "0.5", "size": "1000"}, {"price": "0.92", "size": "611"}], "asks": [{"price": "0.99", "size": "130"}, {"price": "0.96", "size": "3376"}, {"price": "0.95", "size": "3975"}, {"price": "0.94", "size": "1045"}], "event_type": "book", "last_trade_price": "0.070"}, {"market": "0x4410aca3a0fc9b5f50da0ac3232fe3d7796effe673697e4de80e63c3f850e2b6", "asset_id": "66849841204764556934696568105307233935402465549434266880831999866159134523664", "timestamp": "1769384408856", "hash": "380c07c8f80cf6ad92c407b38956f0524f8def95", "bids": [{"price": "0.001", "size": "1528.99"}, {"price": "0.01", "size": "50"}, {"price": "0.03", "size": "1100"}, {"price": "0.08", "size": "600"}, {"price": "0.1", "size": "10"}, {"price": "0.14", "size": "50"}, {"price": "0.2", "size": "400"}, {"price": "0.27", "size": "200"}, {"price": "0.36", "size": "4344"}, {"price": "0.39", "size": "3386.5"}, {"price": "0.42", "size": "2567.5"}, {"price": "0.45", "size": "1776.25"}, {"price": "0.48", "size": "1005"}, {"price": "0.49", "size": "1002"}, {"price": "0.5", "size": "1117.49"}, {"price": "0.6", "size": "166.66"}, {"price": "0.85", "size": "5"}, {"price": "0.91", "size": "50"}, {"price": "0.92", "size": "100"}, {"price": "0.93", "size": "209"}, {"price": "0.94", "size": "344.22"}, {"price": "0.95", "size": "227"}, {"price": "0.962", "size": "555"}, {"price": "0.966", "size": "582"}, {"price": "0.968", "size": "1034"}, {"price": "0.969", "size": "380.84"}, {"price": "0.975", "size": "295.21"}], "asks": [{"price": "0.999", "size": "2928.99"}, {"price": "0.997", "size": "100"}, {"price": "0.995", "size": "200"}, {"price": "0.993", "size": "100"}, {"price": "0.99", "size": "22257"}, {"price": "0.985", "size": "3950"}, {"price": "0.98", "size": "3599"}, {"price": "0.979", "size": "38.75"}], "event_type": "book", "last_trade_price": "0.021"}, {"market": "0x2e682de014b1107bbbe99b51fda0bd738e06be920b206ca2155c176e526d0b71", "asset_id": "66478363277733429083385177739383520176384178209951838647499870568419447942296", "timestamp": "1769384457001", "hash": "4f89c8ac492bdc5f5c38a718b234cf875dcd86b9", "bids": [{"price": "0.01", "size": "50"}, {"price": "0.03", "size": "100"}, {"price": "0.22", "size": "2466"}, {"price": "0.25", "size": "1914.25"}, {"price": "0.28", "size": "1420"}, {"price": "0.31", "size": "964.25"}, {"price": "0.34", "size": "538"}, {"price": "0.35", "size": "534"}, {"price": "0.36", "size": "1895.5"}], "asks": [{"price": "0.99", "size": "50"}, {"price": "0.97", "size": "100"}, {"price": "0.92", "size": "100"}, {"price": "0.64", "size": "2122"}, {"price": "0.61", "size": "1693.25"}, {"price": "0.58", "size": "1283.75"}, {"price": "0.55", "size": "888.12"}, {"price": "0.52", "size": "502.5"}, {"price": "0.51", "size": "501"}, {"price": "0.5", "size": "500"}, {"price": "0.42", "size": "339"}], "event_type": "book", "last_trade_price": ""}, {"market": "0x6535b5298489fb13dbd8ccd8e159c863fc5f200bfa0fa54f42a4522277421bae", "asset_id": "70434658428379999369252938904488849693086861442981639719364000205857607396973", "timestamp": "1769384457005", "hash": "4428881ccd0470c3a522b286bd98388f1bfafb4b", "bids": [{"price": "0.01", "size": "50"}, {"price": "0.09", "size": "1916"}, {"price": "0.1", "size": "4050"}, {"price": "0.11", "size": "1000"}], "asks": [{"price": "0.99", "size": "50"}, {"price": "0.97", "size": "100"}, {"price": "0.92", "size": "100"}, {"price": "0.86", "size": "50"}, {"price": "0.8", "size": "200"}, {"price": "0.73", "size": "200"}, {"price": "0.66", "size": "100"}, {"price": "0.51", "size": "1002"}, {"price": "0.5", "size": "1000"}, {"price": "0.15", "size": "333.33"}, {"price": "0.14", "size": "2180"}], "event_type": "book", "last_trade_price": "0.120"}, {"market": "0x6535b5298489fb13dbd8ccd8e159c863fc5f200bfa0fa54f42a4522277421bae", "asset_id": "7877543056363159509921869877511237484906584134343838187388167251287924451427", "timestamp": "1769384457005", "hash": "ad870e2692b8c30574ccaded5e9f91f70c3dbd53", "bids": [{"price": "0.01", "size": "50"}, {"price": "0.03", "size": "100"}, {"price": "0.08", "size": "100"}, {"price": "0.14", "size": "50"}, {"price": "0.2", "size": "200"}, {"price": "0.27", "size": "200"}, {"price": "0.34", "size": "100"}, {"price": "0.49", "size": "1002"}, {"price": "0.5", "size": "1000"}, {"price": "0.85", "size": "333.33"}, {"price": "0.86", "size": "2180"}], "asks": [{"price": "0.99", "size": "50"}, {"price": "0.91", "size": "1916"}, {"price": "0.9", "size": "4050"}, {"price": "0.89", "size": "1000"}], "event_type": "book", "last_trade_price": "0.120"}, {"market": "0x0f39b07d28636179805c9d158e9e191204960b87e6a86eac4d2030fd5d027e0f", "asset_id": "87765154917908111244501366665592855608056290890588349234922552262157630841567", "timestamp": "1769384457000", "hash": "278794bd7a48999886160472959f57aefcc43327", "bids": [{"price": "0.01", "size": "50"}], "asks": [{"price": "0.99", "size": "50"}, {"price": "0.94", "size": "1005.47"}], "event_type": "book", "last_trade_price": ""}, {"market": "0x78ddd77cfdc396a878fe50e97962a8e7c1f269dde81f31e4ac61c590ef2ec8c2", "asset_id": "23417215001653764512108084679075662722256925089884328556057093714727013903746", "timestamp": "1769384408856", "hash": "d496244b8c5171893cd8cc15bb31dd6dcb52000f", "bids": [{"price": "0.01", "size": "50"}, {"price": "0.02", "size": "5.47"}], "asks": [{"price": "0.99", "size": "50"}], "event_type": "book", "last_trade_price": ""}, {"market": "0x39f23c8557c2b7bd43fe494d148c5388d6c77c74de39423a926641b7395a81d9", "asset_id": "110082936973118695921702924406111796337479664549408524536441428488656067605508", "timestamp": "1769384409405", "hash": "b6992fff3fbb108e7712ccfd3ec3f8400d9991a4", "bids": [{"price": "0.01", "size": "50"}], "asks": [{"price": "0.99", "size": "50"}, {"price": "0.98", "size": "5.47"}], "event_type": "book", "last_trade_price": ""}, {"market": "0x9068c5781252e5fc4380f412caa2c6a28b6e8aec6b13b2c8d07b6edc15b5524a", "asset_id": "69044625723365598578357499395648334183014549093427659659088778236818226359455", "timestamp": "1769384408855", "hash": "6a93078b6b419edd9d1c9c33425d95a19123f24e", "bids": [{"price": "0.01", "size": "50"}], "asks": [{"price": "0.99", "size": "50"}, {"price": "0.98", "size": "5.47"}], "event_type": "book", "last_trade_price": ""}, {"market": "0x2e682de014b1107bbbe99b51fda0bd738e06be920b206ca2155c176e526d0b71", "asset_id": "72722740413428991232476199440482616266848807562551171262643304997471835041335", "timestamp": "1769384457001", "hash": "48efacd658a775a9926417cefe20ac9747b2e861", "bids": [{"price": "0.01", "size": "50"}, {"price": "0.03", "size": "100"}, {"price": "0.08", "size": "100"}, {"price": "0.36", "size": "2122"}, {"price": "0.39", "size": "1693.25"}, {"price": "0.42", "size": "1283.75"}, {"price": "0.45", "size": "888.12"}, {"price": "0.48", "size": "502.5"}, {"price": "0.49", "size": "501"}, {"price": "0.5", "size": "500"}, {"price": "0.58", "size": "339"}], "asks": [{"price": "0.99", "size": "50"}, {"price": "0.97", "size": "100"}, {"price": "0.78", "size": "2466"}, {"price": "0.75", "size": "1914.25"}, {"price": "0.72", "size": "1420"}, {"price": "0.69", "size": "964.25"}, {"price": "0.66", "size": "538"}, {"price": "0.65", "size": "534"}, {"price": "0.64", "size": "1895.5"}], "event_type": "book", "last_trade_price": ""}, {"market": "0x0f39b07d28636179805c9d158e9e191204960b87e6a86eac4d2030fd5d027e0f", "asset_id": "33008712146240511401124961944195755274706723935095526526368468739543840310570", "timestamp": "1769384457000", "hash": "dbc87006aed3e9c7ff23b302c302ba2d60e334c5", "bids": [{"price": "0.01", "size": "50"}, {"price": "0.06", "size": "1005.47"}], "asks": [{"price": "0.99", "size": "50"}], "event_type": "book", "last_trade_price": ""}]}
{"_local_timestamp": "2026-01-25T23:42:56.967737+00:00", "data": {"market": "0x00fddaa30ddb3cc291538dfa0210d67076fa62432b3cb611549ab8bcbefa184a", "price_changes": [{"asset_id": "25963108714775085023598215698432130621757600397959437017516275975394672153097", "price": "0.06", "size": "2005.47", "side": "BUY", "hash": "c9d127544fb01bde1370559b797ad09ed60d0832", "best_bid": "0.06", "best_ask": "0.99"}, {"asset_id": "96555176248762849114270743363922933340416514524866137208841389885251645488330", "price": "0.94", "size": "2005.47", "side": "SELL", "hash": "e2ab5574f7876fda68e8648250c6f6ba8dd3507b", "best_bid": "0.01", "best_ask": "0.94"}], "timestamp": "1769384576821", "event_type": "price_change"}}
{"_local_timestamp": "2026-01-25T23:42:56.977479+00:00", "data": {"market": "0x0f39b07d28636179805c9d158e9e191204960b87e6a86eac4d2030fd5d027e0f", "price_changes": [{"asset_id": "33008712146240511401124961944195755274706723935095526526368468739543840310570", "price": "0.06", "size": "2005.47", "side": "BUY", "hash": "516103dc37a1b11810ff06e2c1ca8b8d9dfaf580", "best_bid": "0.06", "best_ask": "0.99"}, {"asset_id": "87765154917908111244501366665592855608056290890588349234922552262157630841567", "price": "0.94", "size": "2005.47", "side": "SELL", "hash": "09f672d00d4308ddbff2e441978ed0132f81c7ca", "best_bid": "0.01", "best_ask": "0.94"}], "timestamp": "1769384576822", "event_type": "price_change"}}
{"_local_timestamp": "2026-01-25T23:42:56.978702+00:00", "data": {"market": "0x2e682de014b1107bbbe99b51fda0bd738e06be920b206ca2155c176e526d0b71", "price_changes": [{"asset_id": "66478363277733429083385177739383520176384178209951838647499870568419447942296", "price": "0.36", "size": "2895.5", "side": "BUY", "hash": "dae05c374f92e248f14783955da29134054830f6", "best_bid": "0.36", "best_ask": "0.42"}, {"asset_id": "72722740413428991232476199440482616266848807562551171262643304997471835041335", "price": "0.64", "size": "2895.5", "side": "SELL", "hash": "ed4068402197ddf5202d7ee8a75efd5b289ff2e7", "best_bid": "0.58", "best_ask": "0.64"}], "timestamp": "1769384576822", "event_type": "price_change"}}
{"_local_timestamp": "2026-01-25T23:42:56.979793+00:00", "data": {"market": "0x6535b5298489fb13dbd8ccd8e159c863fc5f200bfa0fa54f42a4522277421bae", "price_changes": [{"asset_id": "70434658428379999369252938904488849693086861442981639719364000205857607396973", "price": "0.11", "size": "2000", "side": "BUY", "hash": "8ea1a81bfd7d4e61a46b57bc906cf233bc84b240", "best_bid": "0.11", "best_ask": "0.14"}, {"asset_id": "7877543056363159509921869877511237484906584134343838187388167251287924451427", "price": "0.89", "size": "2000", "side": "SELL", "hash": "ba6f61be8f21fbcf5608bf607e11d124b455c22e", "best_bid": "0.86", "best_ask": "0.89"}], "timestamp": "1769384576823", "event_type": "price_change"}}
{"_local_timestamp": "2026-01-25T23:42:56.980853+00:00", "data": {"market": "0x11bda2a67b3bb7d25a2a85e66d961beb3a9b0ff5802383de4d8eb06958dfbd25", "price_changes": [{"asset_id": "77665482694312067404022284039307959317989785784901081226502318608952317108703", "price": "0.06", "size": "2040", "side": "BUY", "hash": "d7924fb3e60d64883c3af495a5cb1393c34e9293", "best_bid": "0.06", "best_ask": "0.08"}, {"asset_id": "59946420638527075068094017657007439046680089185161119140821135355801195106706", "price": "0.94", "size": "2040", "side": "SELL", "hash": "bca76063aaf0ae5117ba56a6e048bd15e782de1d", "best_bid": "0.92", "best_ask": "0.94"}], "timestamp": "1769384576823", "event_type": "price_change"}}
{"_local_timestamp": "2026-01-25T23:42:57.142693+00:00", "data": {"market": "0x00fddaa30ddb3cc291538dfa0210d67076fa62432b3cb611549ab8bcbefa184a", "price_changes": [{"asset_id": "25963108714775085023598215698432130621757600397959437017516275975394672153097", "price": "0.06", "size": "1005.47", "side": "BUY", "hash": "6e83e55ceea7bc084256afd9ad4e2fe0df0dd821", "best_bid": "0.06", "best_ask": "0.99"}, {"asset_id": "96555176248762849114270743363922933340416514524866137208841389885251645488330", "price": "0.94", "size": "1005.47", "side": "SELL", "hash": "e796c0802fc246307a739ff7f046da42f0c73df3", "best_bid": "0.01", "best_ask": "0.94"}], "timestamp": "1769384577000", "event_type": "price_change"}}
{"_local_timestamp": "2026-01-25T23:42:57.144016+00:00", "data": {"market": "0x6535b5298489fb13dbd8ccd8e159c863fc5f200bfa0fa54f42a4522277421bae", "price_changes": [{"asset_id": "70434658428379999369252938904488849693086861442981639719364000205857607396973", "price": "0.11", "size": "1000", "side": "BUY", "hash": "93382999986798567934f16789365fc1f2e991f3", "best_bid": "0.11", "best_ask": "0.14"}, {"asset_id": "7877543056363159509921869877511237484906584134343838187388167251287924451427", "price": "0.89", "size": "1000", "side": "SELL", "hash": "d94e2c50084133bc46a6f07d14b861e300d9bee3", "best_bid": "0.86", "best_ask": "0.89"}], "timestamp": "1769384577000", "event_type": "price_change"}}
{"_local_timestamp": "2026-01-25T23:42:57.145082+00:00", "data": {"market": "0x0f39b07d28636179805c9d158e9e191204960b87e6a86eac4d2030fd5d027e0f", "price_changes": [{"asset_id": "33008712146240511401124961944195755274706723935095526526368468739543840310570", "price": "0.06", "size": "1005.47", "side": "BUY", "hash": "ae93aad60c44838d5a6b04637cfe2b389848119f", "best_bid": "0.06", "best_ask": "0.99"}, {"asset_id": "87765154917908111244501366665592855608056290890588349234922552262157630841567", "price": "0.94", "size": "1005.47", "side": "SELL", "hash": "916f2863d2b5501cd4db8f9f3653b0b36b390388", "best_bid": "0.01", "best_ask": "0.94"}], "timestamp": "1769384577000", "event_type": "price_change"}}
{"_local_timestamp": "2026-01-25T23:42:57.146752+00:00", "data": {"market": "0x11bda2a67b3bb7d25a2a85e66d961beb3a9b0ff5802383de4d8eb06958dfbd25", "price_changes": [{"asset_id": "77665482694312067404022284039307959317989785784901081226502318608952317108703", "price": "0.06", "size": "1045", "side": "BUY", "hash": "63d747b9e06321c4026e91d437fdb89150c732f9", "best_bid": "0.06", "best_ask": "0.08"}, {"asset_id": "59946420638527075068094017657007439046680089185161119140821135355801195106706", "price": "0.94", "size": "1045", "side": "SELL", "hash": "35cef694541b74aa3feec15a0202f626f67fd1fc", "best_bid": "0.92", "best_ask": "0.94"}], "timestamp": "1769384577000", "event_type": "price_change"}}
{"_local_timestamp": "2026-01-25T23:42:57.150324+00:00", "data": {"market": "0x2e682de014b1107bbbe99b51fda0bd738e06be920b206ca2155c176e526d0b71", "price_changes": [{"asset_id": "66478363277733429083385177739383520176384178209951838647499870568419447942296", "price": "0.36", "size": "1895.5", "side": "BUY", "hash": "55316cb7e4d58848d6ac7864b1dfda15cc96fa1f", "best_bid": "0.36", "best_ask": "0.42"}, {"asset_id": "72722740413428991232476199440482616266848807562551171262643304997471835041335", "price": "0.64", "size": "1895.5", "side": "SELL", "hash": "022d9de8bedd09b42e04983e70393a6c3e19b90c", "best_bid": "0.58", "best_ask": "0.64"}], "timestamp": "1769384577001", "event_type": "price_change"}}
{"_local_timestamp": "2026-01-25T23:43:07.140808+00:00", "data": {"market": "0x11bda2a67b3bb7d25a2a85e66d961beb3a9b0ff5802383de4d8eb06958dfbd25", "price_changes": [{"asset_id": "77665482694312067404022284039307959317989785784901081226502318608952317108703", "price": "0.05", "size": "2850", "side": "BUY", "hash": "61f05e966350173749a959b5d6a6befa61038b1a", "best_bid": "0.06", "best_ask": "0.08"}, {"asset_id": "59946420638527075068094017657007439046680089185161119140821135355801195106706", "price": "0.95", "size": "2850", "side": "SELL", "hash": "3e33d7ff34de768f25ede678b8e5de4ea7185ec1", "best_bid": "0.92", "best_ask": "0.94"}], "timestamp": "1769384587000", "event_type": "price_change"}}
{"_local_timestamp": "2026-01-25T23:43:07.302330+00:00", "data": {"market": "0x11bda2a67b3bb7d25a2a85e66d961beb3a9b0ff5802383de4d8eb06958dfbd25", "price_changes": [{"asset_id": "77665482694312067404022284039307959317989785784901081226502318608952317108703", "price": "0.05", "size": "3975", "side": "BUY", "hash": "5c89fd2801b2fb83631e4a4fe2a0c678ccb1ba90", "best_bid": "0.06", "best_ask": "0.08"}, {"asset_id": "59946420638527075068094017657007439046680089185161119140821135355801195106706", "price": "0.95", "size": "3975", "side": "SELL", "hash": "6e72cc8221782de5145fadeba0a73d3b66c61c7c", "best_bid": "0.92", "best_ask": "0.94"}], "timestamp": "1769384587161", "event_type": "price_change"}}
{"_local_timestamp": "2026-01-25T23:44:57.098629+00:00", "data": {"market": "0x11bda2a67b3bb7d25a2a85e66d961beb3a9b0ff5802383de4d8eb06958dfbd25", "price_changes": [{"asset_id": "77665482694312067404022284039307959317989785784901081226502318608952317108703", "price": "0.06", "size": "50", "side": "BUY", "hash": "82835f86a56c28bca75bef99a7af8d5df8d08d46", "best_bid": "0.06", "best_ask": "0.08"}, {"asset_id": "59946420638527075068094017657007439046680089185161119140821135355801195106706", "price": "0.94", "size": "50", "side": "SELL", "hash": "fdb4aa6c4ea2c3fbe8c73b6c8960d370794603b6", "best_bid": "0.92", "best_ask": "0.94"}], "timestamp": "1769384697000", "event_type": "price_change"}}
{"_local_timestamp": "2026-01-25T23:44:57.108300+00:00", "data": {"market": "0x0f39b07d28636179805c9d158e9e191204960b87e6a86eac4d2030fd5d027e0f", "price_changes": [{"asset_id": "33008712146240511401124961944195755274706723935095526526368468739543840310570", "price": "0.06", "size": "5.47", "side": "BUY", "hash": "2e00f127c21a4aa33f871beb10449f3445896287", "best_bid": "0.06", "best_ask": "0.99"}, {"asset_id": "87765154917908111244501366665592855608056290890588349234922552262157630841567", "price": "0.94", "size": "5.47", "side": "SELL", "hash": "28a825e4dce0bc46f1ba9e0126e053bb7910373b", "best_bid": "0.01", "best_ask": "0.94"}], "timestamp": "1769384697001", "event_type": "price_change"}}
{"_local_timestamp": "2026-01-25T23:44:57.109382+00:00", "data": {"market": "0x00fddaa30ddb3cc291538dfa0210d67076fa62432b3cb611549ab8bcbefa184a", "price_changes": [{"asset_id": "25963108714775085023598215698432130621757600397959437017516275975394672153097", "price": "0.06", "size": "5.47", "side": "BUY", "hash": "34c4cc3c1aa78341669bf71f7a2f99e4a623a47a", "best_bid": "0.06", "best_ask": "0.99"}, {"asset_id": "96555176248762849114270743363922933340416514524866137208841389885251645488330", "price": "0.94", "size": "5.47", "side": "SELL", "hash": "716f80919ce2101e0f1dac23b3b325a9b5b9d3ef", "best_bid": "0.01", "best_ask": "0.94"}], "timestamp": "1769384697000", "event_type": "price_change"}}
{"_local_timestamp": "2026-01-25T23:44:57.113029+00:00", "data": {"market": "0x6535b5298489fb13dbd8ccd8e159c863fc5f200bfa0fa54f42a4522277421bae", "price_changes": [{"asset_id": "70434658428379999369252938904488849693086861442981639719364000205857607396973", "price": "0.11", "size": "0", "side": "BUY", "hash": "5caa85ed3e8df9b0bf16ddfb3fed4cd96aab58bd", "best_bid": "0.1", "best_ask": "0.14"}, {"asset_id": "7877543056363159509921869877511237484906584134343838187388167251287924451427", "price": "0.89", "size": "0", "side": "SELL", "hash": "2dd4c2c9b22e9c98d8c512250a56dae136a0c86c", "best_bid": "0.86", "best_ask": "0.9"}], "timestamp": "1769384697004", "event_type": "price_change"}}
{"_local_timestamp": "2026-01-25T23:44:57.118939+00:00", "data": {"market": "0x2e682de014b1107bbbe99b51fda0bd738e06be920b206ca2155c176e526d0b71", "price_changes": [{"asset_id": "66478363277733429083385177739383520176384178209951838647499870568419447942296", "price": "0.36", "size": "895.5", "side": "BUY", "hash": "e3fe66c96d76a44599e25557d19d07a7abb6089f", "best_bid": "0.36", "best_ask": "0.42"}, {"asset_id": "72722740413428991232476199440482616266848807562551171262643304997471835041335", "price": "0.64", "size": "895.5", "side": "SELL", "hash": "3f398af5f10ffbf6274845fc630f6a0d5bec1243", "best_bid": "0.58", "best_ask": "0.64"}], "timestamp": "1769384697001", "event_type": "price_change"}}
{"_local_timestamp": "2026-01-25T23:44:57.353463+00:00", "data": {"market": "0x6535b5298489fb13dbd8ccd8e159c863fc5f200bfa0fa54f42a4522277421bae", "price_changes": [{"asset_id": "70434658428379999369252938904488849693086861442981639719364000205857607396973", "price": "0.11", "size": "1000", "side": "BUY", "hash": "4922e41fea7a88e29a96f9a1778044092b85e806", "best_bid": "0.11", "best_ask": "0.14"}, {"asset_id": "7877543056363159509921869877511237484906584134343838187388167251287924451427", "price": "0.89", "size": "1000", "side": "SELL", "hash": "8a9ba416ac23954a3ece95bfaa3677f6cf05d2cf", "best_bid": "0.86", "best_ask": "0.89"}], "timestamp": "1769384697281", "event_type": "price_change"}}
{"_local_timestamp": "2026-01-25T23:44:57.354710+00:00", "data": {"market": "0x0f39b07d28636179805c9d158e9e191204960b87e6a86eac4d2030fd5d027e0f", "price_changes": [{"asset_id": "33008712146240511401124961944195755274706723935095526526368468739543840310570", "price": "0.06", "size": "1005.47", "side": "BUY", "hash": "56933041f32b8d121edada9dffeba46e650c6349", "best_bid": "0.06", "best_ask": "0.99"}, {"asset_id": "87765154917908111244501366665592855608056290890588349234922552262157630841567", "price": "0.94", "size": "1005.47", "side": "SELL", "hash": "84537afa445db70de9a2efebd2cc7d0dbd8809a0", "best_bid": "0.01", "best_ask": "0.94"}], "timestamp": "1769384697282", "event_type": "price_change"}}
{"_local_timestamp": "2026-01-25T23:44:57.355863+00:00", "data": {"market": "0x2e682de014b1107bbbe99b51fda0bd738e06be920b206ca2155c176e526d0b71", "price_changes": [{"asset_id": "66478363277733429083385177739383520176384178209951838647499870568419447942296", "price": "0.36", "size": "1895.5", "side": "BUY", "hash": "6760b96f9592757c4ffebf93ba6d23bec9805abe", "best_bid": "0.36", "best_ask": "0.42"}, {"asset_id": "72722740413428991232476199440482616266848807562551171262643304997471835041335", "price": "0.64", "size": "1895.5", "side": "SELL", "hash": "16044419f6bac77e01833554d7e634954955332c", "best_bid": "0.58", "best_ask": "0.64"}], "timestamp": "1769384697282", "event_type": "price_change"}}
{"_local_timestamp": "2026-01-25T23:44:57.356933+00:00", "data": {"market": "0x00fddaa30ddb3cc291538dfa0210d67076fa62432b3cb611549ab8bcbefa184a", "price_changes": [{"asset_id": "25963108714775085023598215698432130621757600397959437017516275975394672153097", "price": "0.06", "size": "1005.47", "side": "BUY", "hash": "b814ff8cca81b3303891381e598a94350f15a992", "best_bid": "0.06", "best_ask": "0.99"}, {"asset_id": "96555176248762849114270743363922933340416514524866137208841389885251645488330", "price": "0.94", "size": "1005.47", "side": "SELL", "hash": "36453d3937487b0e36abf7b494b558bae17f6b00", "best_bid": "0.01", "best_ask": "0.94"}], "timestamp": "1769384697286", "event_type": "price_change"}}
{"_local_timestamp": "2026-01-25T23:44:57.376335+00:00", "data": {"market": "0x11bda2a67b3bb7d25a2a85e66d961beb3a9b0ff5802383de4d8eb06958dfbd25", "price_changes": [{"asset_id": "77665482694312067404022284039307959317989785784901081226502318608952317108703", "price": "0.06", "size": "1045", "side": "BUY", "hash": "42d2b00847924aef32909b3e473059e38a62f006", "best_bid": "0.06", "best_ask": "0.08"}, {"asset_id": "59946420638527075068094017657007439046680089185161119140821135355801195106706", "price": "0.94", "size": "1045", "side": "SELL", "hash": "9656d71841e2a912a96fd43d5493f2414eefa5c5", "best_bid": "0.92", "best_ask": "0.94"}], "timestamp": "1769384697287", "event_type": "price_change"}}
{"_local_timestamp": "2026-01-25T23:46:57.076963+00:00", "data": {"market": "0x0f39b07d28636179805c9d158e9e191204960b87e6a86eac4d2030fd5d027e0f", "price_changes": [{"asset_id": "33008712146240511401124961944195755274706723935095526526368468739543840310570", "price": "0.06", "size": "5.47", "side": "BUY", "hash": "7723bc72815d32513097cda254352ef0f6e5ea57", "best_bid": "0.06", "best_ask": "0.99"}, {"asset_id": "87765154917908111244501366665592855608056290890588349234922552262157630841567", "price": "0.94", "size": "5.47", "side": "SELL", "hash": "82ab1d528a1fd7d2cdf63efd624bd7ef7598f667", "best_bid": "0.01", "best_ask": "0.94"}], "timestamp": "1769384817000", "event_type": "price_change"}}
{"_local_timestamp": "2026-01-25T23:46:57.078340+00:00", "data": {"market": "0x11bda2a67b3bb7d25a2a85e66d961beb3a9b0ff5802383de4d8eb06958dfbd25", "price_changes": [{"asset_id": "77665482694312067404022284039307959317989785784901081226502318608952317108703", "price": "0.06", "size": "50", "side": "BUY", "hash": "5878906d756fdf1f0a599de77f6cfa6c7f39655d", "best_bid": "0.06", "best_ask": "0.08"}, {"asset_id": "59946420638527075068094017657007439046680089185161119140821135355801195106706", "price": "0.94", "size": "50", "side": "SELL", "hash": "bac6646cb9bf8fb952981a3374898a09ab073b33", "best_bid": "0.92", "best_ask": "0.94"}], "timestamp": "1769384817000", "event_type": "price_change"}}
{"_local_timestamp": "2026-01-25T23:46:57.079379+00:00", "data": {"market": "0x00fddaa30ddb3cc291538dfa0210d67076fa62432b3cb611549ab8bcbefa184a", "price_changes": [{"asset_id": "25963108714775085023598215698432130621757600397959437017516275975394672153097", "price": "0.06", "size": "5.47", "side": "BUY", "hash": "b85e5fd7466ad423157ef650e2b19d01a8dd8233", "best_bid": "0.06", "best_ask": "0.99"}, {"asset_id": "96555176248762849114270743363922933340416514524866137208841389885251645488330", "price": "0.94", "size": "5.47", "side": "SELL", "hash": "4341e1e2e2274be3fe1b9009192cce876d6f0313", "best_bid": "0.01", "best_ask": "0.94"}], "timestamp": "1769384817000", "event_type": "price_change"}}
{"_local_timestamp": "2026-01-25T23:46:57.080436+00:00", "data": {"market": "0x2e682de014b1107bbbe99b51fda0bd738e06be920b206ca2155c176e526d0b71", "price_changes": [{"asset_id": "66478363277733429083385177739383520176384178209951838647499870568419447942296", "price": "0.36", "size": "895.5", "side": "BUY", "hash": "dd8a1e5d071cc7932b9470f80a906ce7844c364e", "best_bid": "0.36", "best_ask": "0.42"}, {"asset_id": "72722740413428991232476199440482616266848807562551171262643304997471835041335", "price": "0.64", "size": "895.5", "side": "SELL", "hash": "23547054b8bb5e79a9fec0b21121760cbc05e848", "best_bid": "0.58", "best_ask": "0.64"}], "timestamp": "1769384817000", "event_type": "price_change"}}
{"_local_timestamp": "2026-01-25T23:46:57.081470+00:00", "data": {"market": "0x6535b5298489fb13dbd8ccd8e159c863fc5f200bfa0fa54f42a4522277421bae", "price_changes": [{"asset_id": "70434658428379999369252938904488849693086861442981639719364000205857607396973", "price": "0.11", "size": "0", "side": "BUY", "hash": "fc18e25aacd39e4e86e5804d5aa8ddc01dffc219", "best_bid": "0.1", "best_ask": "0.14"}, {"asset_id": "7877543056363159509921869877511237484906584134343838187388167251287924451427", "price": "0.89", "size": "0", "side": "SELL", "hash": "c569dfd40adb33c7c9204ae1d02598cffd5d4a9f", "best_bid": "0.86", "best_ask": "0.9"}], "timestamp": "1769384817000", "event_type": "price_change"}}
{"_local_timestamp": "2026-01-25T23:46:57.727053+00:00", "data": {"market": "0x00fddaa30ddb3cc291538dfa0210d67076fa62432b3cb611549ab8bcbefa184a", "price_changes": [{"asset_id": "25963108714775085023598215698432130621757600397959437017516275975394672153097", "price": "0.06", "size": "1005.47", "side": "BUY", "hash": "efa565db2cae626acea7d59b9cbfa30814c4ef8b", "best_bid": "0.06", "best_ask": "0.99"}, {"asset_id": "96555176248762849114270743363922933340416514524866137208841389885251645488330", "price": "0.94", "size": "1005.47", "side": "SELL", "hash": "dd1400596c2b1f854e27f84e80a49082ecf38dfc", "best_bid": "0.01", "best_ask": "0.94"}], "timestamp": "1769384817648", "event_type": "price_change"}}
{"_local_timestamp": "2026-01-25T23:46:57.728185+00:00", "data": {"market": "0x2e682de014b1107bbbe99b51fda0bd738e06be920b206ca2155c176e526d0b71", "price_changes": [{"asset_id": "66478363277733429083385177739383520176384178209951838647499870568419447942296", "price": "0.36", "size": "1895.5", "side": "BUY", "hash": "968565ab874a212b15115d20e35232987535ac55", "best_bid": "0.36", "best_ask": "0.42"}, {"asset_id": "72722740413428991232476199440482616266848807562551171262643304997471835041335", "price": "0.64", "size": "1895.5", "side": "SELL", "hash": "b842443401b7585b7a63d2ec70e106a18fb373a9", "best_bid": "0.58", "best_ask": "0.64"}], "timestamp": "1769384817647", "event_type": "price_change"}}
{"_local_timestamp": "2026-01-25T23:46:57.729262+00:00", "data": {"market": "0x11bda2a67b3bb7d25a2a85e66d961beb3a9b0ff5802383de4d8eb06958dfbd25", "price_changes": [{"asset_id": "77665482694312067404022284039307959317989785784901081226502318608952317108703", "price": "0.06", "size": "1045", "side": "BUY", "hash": "54c7b21b50d380c38275bd59b7dec6b55dbbf23b", "best_bid": "0.06", "best_ask": "0.08"}, {"asset_id": "59946420638527075068094017657007439046680089185161119140821135355801195106706", "price": "0.94", "size": "1045", "side": "SELL", "hash": "46e60ef74ca2ad57f605eb6d46051db8f163989e", "best_bid": "0.92", "best_ask": "0.94"}], "timestamp": "1769384817648", "event_type": "price_change"}}
{"_local_timestamp": "2026-01-25T23:46:57.730326+00:00", "data": {"market": "0x6535b5298489fb13dbd8ccd8e159c863fc5f200bfa0fa54f42a4522277421bae", "price_changes": [{"asset_id": "70434658428379999369252938904488849693086861442981639719364000205857607396973", "price": "0.11", "size": "1000", "side": "BUY", "hash": "078e2bc74dd30a7be5de9cafeaf0e1f9f2acc975", "best_bid": "0.11", "best_ask": "0.14"}, {"asset_id": "7877543056363159509921869877511237484906584134343838187388167251287924451427", "price": "0.89", "size": "1000", "side": "SELL", "hash": "38204e82536f5447b5c2cad7d1bef960826140a0", "best_bid": "0.86", "best_ask": "0.89"}], "timestamp": "1769384817652", "event_type": "price_change"}}
{"_local_timestamp": "2026-01-25T23:46:57.736742+00:00", "data": {"market": "0x0f39b07d28636179805c9d158e9e191204960b87e6a86eac4d2030fd5d027e0f", "price_changes": [{"asset_id": "33008712146240511401124961944195755274706723935095526526368468739543840310570", "price": "0.06", "size": "1005.47", "side": "BUY", "hash": "50da0796aedc9116d723bb6368382d7b1b93478f", "best_bid": "0.06", "best_ask": "0.99"}, {"asset_id": "87765154917908111244501366665592855608056290890588349234922552262157630841567", "price": "0.94", "size": "1005.47", "side": "SELL", "hash": "e3caca493e6d7ae3d49eb803befc6dc7811bcef6", "best_bid": "0.01", "best_ask": "0.94"}], "timestamp": "1769384817672", "event_type": "price_change"}}
{"_local_timestamp": "2026-01-25T23:47:38.476093+00:00", "data": {"market": "0x4410aca3a0fc9b5f50da0ac3232fe3d7796effe673697e4de80e63c3f850e2b6", "price_changes": [{"asset_id": "12960780696302692795365806171578964608567781021636713369142799408696231712351", "price": "0.02", "size": "153599", "side": "BUY", "hash": "5b9d462949d0700818387675e82174d08932d804", "best_bid": "0.021", "best_ask": "0.025"}, {"asset_id": "66849841204764556934696568105307233935402465549434266880831999866159134523664", "price": "0.98", "size": "153599", "side": "SELL", "hash": "37e5d7d31f53b090a6a941380aa4a261ec50b227", "best_bid": "0.975", "best_ask": "0.979"}], "timestamp": "1769384858369", "event_type": "price_change"}}
{"_local_timestamp": "2026-01-25T23:48:24.037628+00:00", "data": {"market": "0x4410aca3a0fc9b5f50da0ac3232fe3d7796effe673697e4de80e63c3f850e2b6", "price_changes": [{"asset_id": "12960780696302692795365806171578964608567781021636713369142799408696231712351", "price": "0.02", "size": "3599", "side": "BUY", "hash": "24aee57119a8f7968d5af57a20c1ff736ed95a42", "best_bid": "0.021", "best_ask": "0.025"}, {"asset_id": "66849841204764556934696568105307233935402465549434266880831999866159134523664", "price": "0.98", "size": "3599", "side": "SELL", "hash": "26b9d1dc08a7c604bf93dcb5fa7fecbcdeee9d2c", "best_bid": "0.975", "best_ask": "0.979"}], "timestamp": "1769384903970", "event_type": "price_change"}}
{"_local_timestamp": "2026-01-25T23:48:58.031765+00:00", "data": {"market": "0x2e682de014b1107bbbe99b51fda0bd738e06be920b206ca2155c176e526d0b71", "price_changes": [{"asset_id": "66478363277733429083385177739383520176384178209951838647499870568419447942296", "price": "0.36", "size": "2895.5", "side": "BUY", "hash": "32cca7836f41ae2fda60106063ff3f667ec9c981", "best_bid": "0.36", "best_ask": "0.42"}, {"asset_id": "72722740413428991232476199440482616266848807562551171262643304997471835041335", "price": "0.64", "size": "2895.5", "side": "SELL", "hash": "95d6f253958b1939ee189d1b72a3c6f1d244a134", "best_bid": "0.58", "best_ask": "0.64"}], "timestamp": "1769384937956", "event_type": "price_change"}}
{"_local_timestamp": "2026-01-25T23:48:58.033069+00:00", "data": {"market": "0x0f39b07d28636179805c9d158e9e191204960b87e6a86eac4d2030fd5d027e0f", "price_changes": [{"asset_id": "33008712146240511401124961944195755274706723935095526526368468739543840310570", "price": "0.06", "size": "2005.47", "side": "BUY", "hash": "9bab37fa62e3cb20cbb01c3966c741db24e04027", "best_bid": "0.06", "best_ask": "0.99"}, {"asset_id": "87765154917908111244501366665592855608056290890588349234922552262157630841567", "price": "0.94", "size": "2005.47", "side": "SELL", "hash": "c4fc73c86a98281c4882882817d956a134376f76", "best_bid": "0.01", "best_ask": "0.94"}], "timestamp": "1769384937959", "event_type": "price_change"}}
{"_local_timestamp": "2026-01-25T23:48:58.034152+00:00", "data": {"market": "0x00fddaa30ddb3cc291538dfa0210d67076fa62432b3cb611549ab8bcbefa184a", "price_changes": [{"asset_id": "25963108714775085023598215698432130621757600397959437017516275975394672153097", "price": "0.06", "size": "2005.47", "side": "BUY", "hash": "107f6bd33d5b24113f9313cf24e1c46ca9f51d8c", "best_bid": "0.06", "best_ask": "0.99"}, {"asset_id": "96555176248762849114270743363922933340416514524866137208841389885251645488330", "price": "0.94", "size": "2005.47", "side": "SELL", "hash": "53ad8f6d5b3bb9f37556e343ea977d2b580e52aa", "best_bid": "0.01", "best_ask": "0.94"}], "timestamp": "1769384937959", "event_type": "price_change"}}
{"_local_timestamp": "2026-01-25T23:48:58.037078+00:00", "data": {"market": "0x11bda2a67b3bb7d25a2a85e66d961beb3a9b0ff5802383de4d8eb06958dfbd25", "price_changes": [{"asset_id": "77665482694312067404022284039307959317989785784901081226502318608952317108703", "price": "0.06", "size": "2040", "side": "BUY", "hash": "a8cc48f77c0230f82516f0ebbc0a088c7477384c", "best_bid": "0.06", "best_ask": "0.08"}, {"asset_id": "59946420638527075068094017657007439046680089185161119140821135355801195106706", "price": "0.94", "size": "2040", "side": "SELL", "hash": "3fde2b96a5118e0672f46431c1f5e625127e6598", "best_bid": "0.92", "best_ask": "0.94"}], "timestamp": "1769384937961", "event_type": "price_change"}}
{"_local_timestamp": "2026-01-25T23:48:58.038218+00:00", "data": {"market": "0x6535b5298489fb13dbd8ccd8e159c863fc5f200bfa0fa54f42a4522277421bae", "price_changes": [{"asset_id": "70434658428379999369252938904488849693086861442981639719364000205857607396973", "price": "0.11", "size": "2000", "side": "BUY", "hash": "f120b4211f8a5b84e1b0bcc02c0968c5648dc6ae", "best_bid": "0.11", "best_ask": "0.14"}, {"asset_id": "7877543056363159509921869877511237484906584134343838187388167251287924451427", "price": "0.89", "size": "2000", "side": "SELL", "hash": "157322846539cb5aea653e5b596816dbfb6d79f9", "best_bid": "0.86", "best_ask": "0.89"}], "timestamp": "1769384937964", "event_type": "price_change"}}
{"_local_timestamp": "2026-01-25T23:48:58.067593+00:00", "data": {"market": "0x00fddaa30ddb3cc291538dfa0210d67076fa62432b3cb611549ab8bcbefa184a", "price_changes": [{"asset_id": "25963108714775085023598215698432130621757600397959437017516275975394672153097", "price": "0.06", "size": "1005.47", "side": "BUY", "hash": "9996fceae628ac3ac65d7ca7582b4ccb250ea35d", "best_bid": "0.06", "best_ask": "0.99"}, {"asset_id": "96555176248762849114270743363922933340416514524866137208841389885251645488330", "price": "0.94", "size": "1005.47", "side": "SELL", "hash": "4f60ef710dc2fa10c9485a3dedb62ac35bf864ab", "best_bid": "0.01", "best_ask": "0.94"}], "timestamp": "1769384938000", "event_type": "price_change"}}
{"_local_timestamp": "2026-01-25T23:48:58.078928+00:00", "data": {"market": "0x6535b5298489fb13dbd8ccd8e159c863fc5f200bfa0fa54f42a4522277421bae", "price_changes": [{"asset_id": "70434658428379999369252938904488849693086861442981639719364000205857607396973", "price": "0.11", "size": "1000", "side": "BUY", "hash": "82d40b18d5e0b5779cb44cabb943b05000a1aa97", "best_bid": "0.11", "best_ask": "0.14"}, {"asset_id": "7877543056363159509921869877511237484906584134343838187388167251287924451427", "price": "0.89", "size": "1000", "side": "SELL", "hash": "0a847ae1fbef091048fe95dcbc7bd98dbb865a10", "best_bid": "0.86", "best_ask": "0.89"}], "timestamp": "1769384938001", "event_type": "price_change"}}
{"_local_timestamp": "2026-01-25T23:48:58.105247+00:00", "data": {"market": "0x11bda2a67b3bb7d25a2a85e66d961beb3a9b0ff5802383de4d8eb06958dfbd25", "price_changes": [{"asset_id": "77665482694312067404022284039307959317989785784901081226502318608952317108703", "price": "0.06", "size": "1045", "side": "BUY", "hash": "490a1a3c2ebffe73514fb38e79885ea8e3a91f4f", "best_bid": "0.06", "best_ask": "0.08"}, {"asset_id": "59946420638527075068094017657007439046680089185161119140821135355801195106706", "price": "0.94", "size": "1045", "side": "SELL", "hash": "cad6fa4d8a97a1e3e19db9b390a10f59e7f3a8c3", "best_bid": "0.92", "best_ask": "0.94"}], "timestamp": "1769384938006", "event_type": "price_change"}}
{"_local_timestamp": "2026-01-25T23:48:58.110099+00:00", "data": {"market": "0x0f39b07d28636179805c9d158e9e191204960b87e6a86eac4d2030fd5d027e0f", "price_changes": [{"asset_id": "33008712146240511401124961944195755274706723935095526526368468739543840310570", "price": "0.06", "size": "1005.47", "side": "BUY", "hash": "4b7da50430144c77b2e1ee784e959e6650f2d1ad", "best_bid": "0.06", "best_ask": "0.99"}, {"asset_id": "87765154917908111244501366665592855608056290890588349234922552262157630841567", "price": "0.94", "size": "1005.47", "side": "SELL", "hash": "1a902c9525863d4324d75e008fe5a02581d2f8a5", "best_bid": "0.01", "best_ask": "0.94"}], "timestamp": "1769384938007", "event_type": "price_change"}}
{"_local_timestamp": "2026-01-25T23:48:58.116774+00:00", "data": {"market": "0x2e682de014b1107bbbe99b51fda0bd738e06be920b206ca2155c176e526d0b71", "price_changes": [{"asset_id": "66478363277733429083385177739383520176384178209951838647499870568419447942296", "price": "0.36", "size": "1895.5", "side": "BUY", "hash": "7e114f6eb8b181ec58a71afd587bdd296282c831", "best_bid": "0.36", "best_ask": "0.42"}, {"asset_id": "72722740413428991232476199440482616266848807562551171262643304997471835041335", "price": "0.64", "size": "1895.5", "side": "SELL", "hash": "bf556ae8b94b24f24a046f4dcc4628265b473db2", "best_bid": "0.58", "best_ask": "0.64"}], "timestamp": "1769384938008", "event_type": "price_change"}}
