{"_local_timestamp": "2026-01-25T23:41:32.005228+00:00", "data": [{"market": "0x163589fa1df04d206a3a97d25fd093137a8385c2387bf291bcf57c619ca8b60e", "asset_id": "39377297426178649079579696178624666791582297374771546482225934320827533619124", "timestamp": "1769384409976", "hash": "dc17b1bd71658a6d694814f8bd571270f4715de5", "bids": [{"price": "0.01", "size": "50"}, {"price": "0.02", "size": "5.47"}], "asks": [{"price": "0.99", "size": "50"}], "event_type": "book", "last_trade_price": ""}, {"market": "0x3dc542ad68510b9bc0afeb373055e687fc7482f222bfb31adb17049f4047244c", "asset_id": "46351265990003258376606899178579219536075791192677808941680128216223605423011", "timestamp": "1769384409975", "hash": "bcc1aa8dfad2bf25c41d5efe776ff4cc8943c118", "bids": [{"price": "0.01", "size": "50"}], "asks": [{"price": "0.99", "size": "50"}, {"price": "0.98", "size": "5.47"}], "event_type": "book", "last_trade_price": ""}, {"market": "0x64aa33355834a6236a13999e0d0b912d109edfabac7cc79b327c55b8e1343d10", "asset_id": "28760898598663674802689725833625288490149947906864148569219971184510258221753", "timestamp": "1769384409977", "hash": "72455c8b4e41f8f8e250781e47aef38ad4189c5a", "bids": [{"price": "0.01", "size": "50"}], "asks": [{"price": "0.99", "size": "50"}, {"price": "0.98", "size": "5.47"}], "event_type": "book", "last_trade_price": ""}, {"market": "0xcf0e8d33833a89cae396c5cc3396644bb13b5dffc8eddc1e76656a29f0f0ad8d", "asset_id": "65831871778406227055562217216624504071429396914077782336397354667931347829130", "timestamp": "1769384409976", "hash": "41fe0a747ffbde2b42b717bb5eb0417f7fc8379c", "bids": [{"price": "0.01", "size": "50"}, {"price": "0.02", "size": "5.47"}], "asks": [{"price": "0.99", "size": "50"}], "event_type": "book", "last_trade_price": ""}, {"market": "0x3dc542ad68510b9bc0afeb373055e687fc7482f222bfb31adb17049f4047244c", "asset_id": "48291344453695848747171977028694390901261220327968368642254571135561237139789", "timestamp": "1769384409975", "hash": "a8bf5981118284b96b78a6b64f821e6f19fd2ba9", "bids": [{"price": "0.01", "size": "50"}, {"price": "0.02", "size": "5.47"}], "asks": [{"price": "0.99", "size": "50"}], "event_type": "book", "last_trade_price": ""}, {"market": "0xc1a888ff50d831d8ab01be20acad51bd4a158a4cbcc3e056e267592dabdd77e0", "asset_id": "103212777488104827189102953340817303504271063637446069185307867614735201374787", "timestamp": "1769384409976", "hash": "44efbd0db52fb2dfd9ffce7ebe27d88e3753ba8e", "bids": [{"price": "0.01", "size": "50"}, {"price": "0.02", "size": "5.47"}], "asks": [{"price": "0.99", "size": "50"}], "event_type": "book", "last_trade_price": ""}, {"market": "0x3c746c9908d1c0db10f0bd0e078a9a820076456b0bebaf10828a8f6c7c65ba59", "asset_id": "106276925150547081860378067218861847363284480407490724241598824431560242808216", "timestamp": "1769384409976", "hash": "816a5bf98a35a8a2201c7a653cb02bdd364db519", "bids": [{"price": "0.01", "size": "50"}, {"price": "0.02", "size": "5.47"}], "asks": [{"price": "0.99", "size": "50"}], "event_type": "book", "last_trade_price": ""}, {"market": "0x64aa33355834a6236a13999e0d0b912d109edfabac7cc79b327c55b8e1343d10", "asset_id": "103111528430741540809082030757368106478496912796137119044259504417314747739360", "timestamp": "1769384409977", "hash": "f785f522a71a1d5384b8f03b56c7918d955686fb", "bids": [{"price": "0.01", "size": "50"}, {"price": "0.02", "size": "5.47"}], "asks": [{"price": "0.99", "size": "50"}], "event_type": "book", "last_trade_price": ""}, {"market": "0x163589fa1df04d206a3a97d25fd093137a8385c2387bf291bcf57c619ca8b60e", "asset_id": "110090141493911544827717396564852516054119316788948696668931159198076511715216", "timestamp": "1769384409976", "hash": "85b606ae584dc6ef6e1544d3419f44e6f7ea9f42", "bids": [{"price": "0.01", "size": "50"}], "asks": [{"price": "0.99", "size": "50"}, {"price": "0.98", "size": "5.47"}], "event_type": "book", "last_trade_price": ""}, {"market": "0xe5b7e872cefbc98c9d2a0f44859d2e1cb6a9b94ee583f4d06477c8a55b01a5af", "asset_id": "109899240546636922570850888349346571671704641653332447581150789062813272238270", "timestamp": "1769384409976", "hash": "fd2bda350f562089b620aafed300940852a6bb32", "bids": [{"price": "0.01", "size": "50"}, {"price": "0.1", "size": "110"}], "asks": [{"price": "0.99", "size": "50"}, {"price": "0.98", "size": "5.47"}, {"price": "0.9", "size": "110"}], "event_type": "book", "last_trade_price": ""}, {"market": "0xc1a888ff50d831d8ab01be20acad51bd4a158a4cbcc3e056e267592dabdd77e0", "asset_id": "49051889485648404018463540320149233078526831529297992885921960851137108846371", "timestamp": "1769384409976", "hash": "11b5e28414a5a425b9ce29bd1bfeacb9b7a73866", "bids": [{"price": "0.01", "size": "50"}], "asks": [{"price": "0.99", "size": "50"}, {"price": "0.98", "size": "5.47"}], "event_type": "book", "last_trade_price": ""}, {"market": "0xe5b7e872cefbc98c9d2a0f44859d2e1cb6a9b94ee583f4d06477c8a55b01a5af", "asset_id": "86789663809088329885908729882696458118950897184308265271935359088133653075054", "timestamp": "1769384409976", "hash": "b13761f3794ad774a4c0193cfd0d522d739c8b96", "bids": [{"price": "0.01", "size": "50"}, {"price": "0.02", "size": "5.47"}, {"price": "0.1", "size": "110"}], "asks": [{"price": "0.99", "size": "50"}, {"price": "0.9", "size": "110"}], "event_type": "book", "last_trade_price": ""}, {"market": "0x7267dacf7846704921658dcc28f7e91f6d0e980487ad9503055f9570366aff26", "asset_id": "43076262662178189777921375645834452987090711022297470835710443314573487048192", "timestamp": "1769384409976", "hash": "0e3095ed2a923015ece3369f36df2bfd7c52c380", "bids": [{"price": "0.01", "size": "50"}, {"price": "0.02", "size": "5.47"}], "asks": [{"price": "0.99", "size": "50"}], "event_type": "book", "last_trade_price": ""}, {"market": "0x7267dacf7846704921658dcc28f7e91f6d0e980487ad9503055f9570366aff26", "asset_id": "106749641673315930351039717693277791870420875721871413340985623461879104337037", "timestamp": "1769384409976", "hash": "b7866ff9b0b0ca0ae2d43336b6d69951449d38d9", "bids": [{"price": "0.01", "size": "50"}], "asks": [{"price": "0.99", "size": "50"}, {"price": "0.98", "size": "5.47"}], "event_type": "book", "last_trade_price": ""}, {"market": "0x3c746c9908d1c0db10f0bd0e078a9a820076456b0bebaf10828a8f6c7c65ba59", "asset_id": "56188814110808386776790828643865204283735883558663683395360007410182114835377", "timestamp": "1769384409976", "hash": "e4e18104e6a316a21d9bce87537b788e88695617", "bids": [{"price": "0.01", "size": "50"}], "asks": [{"price": "0.99", "size": "50"}, {"price": "0.98", "size": "5.47"}], "event_type": "book", "last_trade_price": ""}, {"market": "0x8e51c5db882962c75d6449af521554a956b93f9e033bc26df96e6ff14c8472d6", "asset_id": "110421218730605157408400572587167507415916204123146355229181062420745927801696", "timestamp": "1769384409976", "hash": "ddcb8240e00e5298f93fe56ad114f3c11e52d071", "bids": [{"price": "0.01", "size": "50"}, {"price": "0.02", "size": "5.47"}], "asks": [{"price": "0.99", "size": "50"}], "event_type": "book", "last_trade_price": ""}, {"market": "0xcf0e8d33833a89cae396c5cc3396644bb13b5dffc8eddc1e76656a29f0f0ad8d", "asset_id": "44839502077705253850388643155921054421990698008485184742814589234935644550950", "timestamp": "1769384409976", "hash": "2e078422f1e53b1bc93bc10e04a0b25f2590504e", "bids": [{"price": "0.01", "size": "50"}], "asks": [{"price": "0.99", "size": "50"}, {"price": "0.98", "size": "5.47"}], "event_type": "book", "last_trade_price": ""}, {"market": "0x8e51c5db882962c75d6449af521554a956b93f9e033bc26df96e6ff14c8472d6", "asset_id": "57935620967223045070567247457796685120327922868330200247644719837297559501173", "timestamp": "1769384409976", "hash": "e4532956c05b699b424acbd7dc825762dc0a35d6", "bids": [{"price": "0.01", "size": "50"}], "asks": [{"price": "0.99", "size": "50"}, {"price": "0.98", "size": "5.47"}], "event_type": "book", "last_trade_price": ""}]}
