{"_local_timestamp": "2026-01-25T23:33:42.639854+00:00", "data": [{"market": "0x1e17e60a28b3f9ddb668c5fac7b225095a5734a3825cf013659166045e94322f", "asset_id": "1555201711706083610636719648513677366795194689095003556737740537948506744934", "timestamp": "1769384020540", "hash": "a64c8f74bd6413f68c993c4de47a26cadf25f7cc", "bids": [{"price": "0.001", "size": "6070.01"}, {"price": "0.002", "size": "1255.07"}, {"price": "0.003", "size": "1000"}, {"price": "0.004", "size": "20.56"}, {"price": "0.01", "size": "9700"}, {"price": "0.02", "size": "3600"}, {"price": "0.021", "size": "14.58"}, {"price": "0.05", "size": "330"}, {"price": "0.06", "size": "33"}, {"price": "0.07", "size": "1700"}, {"price": "0.1", "size": "360"}, {"price": "0.102", "size": "250"}, {"price": "0.103", "size": "5.79"}, {"price": "0.15", "size": "876.66"}, {"price": "0.19", "size": "168.42"}, {"price": "0.2", "size": "400"}, {"price": "0.201", "size": "796"}, {"price": "0.24", "size": "116.66"}, {"price": "0.241", "size": "1942"}, {"price": "0.29", "size": "139.65"}, {"price": "0.295", "size": "150"}, {"price": "0.34", "size": "70.58"}, {"price": "0.39", "size": "51.28"}, {"price": "0.399", "size": "1632"}, {"price": "0.51", "size": "35.71"}, {"price": "0.54", "size": "11.11"}, {"price": "0.6", "size": "10"}, {"price": "0.67", "size": "179.56"}, {"price": "0.83", "size": "1100"}, {"price": "0.84", "size": "13"}, {"price": "0.87", "size": "78.17"}, {"price": "0.88", "size": "100"}, {"price": "0.89", "size": "3251"}, {"price": "0.9", "size": "393.07"}, {"price": "0.901", "size": "10"}, {"price": "0.93", "size": "1000"}, {"price": "0.939", "size": "219.74"}, {"price": "0.94", "size": "1010"}, {"price": "0.944", "size": "200.1"}, {"price": "0.947", "size": "200"}, {"price": "0.95", "size": "1050.54"}, {"price": "0.951", "size": "140.36"}, {"price": "0.953", "size": "400"}, {"price": "0.954", "size": "494"}, {"price": "0.955", "size": "30"}], "asks": [{"price": "0.999", "size": "21114.99"}, {"price": "0.998", "size": "112.15"}, {"price": "0.991", "size": "5222"}, {"price": "0.99", "size": "2256"}, {"price": "0.989", "size": "4465.93"}, {"price": "0.988", "size": "423.48"}, {"price": "0.987", "size": "5701"}, {"price": "0.986", "size": "929"}, {"price": "0.985", "size": "7.14"}, {"price": "0.983", "size": "3412"}, {"price": "0.982", "size": "527.77"}, {"price": "0.981", "size": "5.5"}, {"price": "0.98", "size": "1650"}, {"price": "0.979", "size": "157.89"}, {"price": "0.978", "size": "1136.35"}, {"price": "0.977", "size": "305"}, {"price": "0.976", "size": "7.87"}, {"price": "0.972", "size": "178.57"}, {"price": "0.97", "size": "139.83"}, {"price": "0.969", "size": "7.52"}, {"price": "0.966", "size": "500.06"}, {"price": "0.965", "size": "457"}, {"price": "0.964", "size": "362"}, {"price": "0.963", "size": "43.6"}], "event_type": "book", "last_trade_price": "0.037"}, {"market": "0x1e17e60a28b3f9ddb668c5fac7b225095a5734a3825cf013659166045e94322f", "asset_id": "82282239328474018205105491929033644496357668579127643134512317986090887443137", "timestamp": "1769384020540", "hash": "9f26af455edd086e60c508a801340abaccb1bb46", "bids": [{"price": "0.001", "size": "21114.99"}, {"price": "0.002", "size": "112.15"}, {"price": "0.009", "size": "5222"}, {"price": "0.01", "size": "2256"}, {"price": "0.011", "size": "4465.93"}, {"price": "0.012", "size": "423.48"}, {"price": "0.013", "size": "5701"}, {"price": "0.014", "size": "929"}, {"price": "0.015", "size": "7.14"}, {"price": "0.017", "size": "3412"}, {"price": "0.018", "size": "527.77"}, {"price": "0.019", "size": "5.5"}, {"price": "0.02", "size": "1650"}, {"price": "0.021", "size": "157.89"}, {"price": "0.022", "size": "1136.35"}, {"price": "0.023", "size": "305"}, {"price": "0.024", "size": "7.87"}, {"price": "0.028", "size": "178.57"}, {"price": "0.03", "size": "139.83"}, {"price": "0.031", "size": "7.52"}, {"price": "0.034", "size": "500.06"}, {"price": "0.035", "size": "457"}, {"price": "0.036", "size": "362"}, {"price": "0.037", "size": "43.6"}], "asks": [{"price": "0.999", "size": "6070.01"}, {"price": "0.998", "size": "1255.07"}, {"price": "0.997", "size": "1000"}, {"price": "0.996", "size": "20.56"}, {"price": "0.99", "size": "9700"}, {"price": "0.98", "size": "3600"}, {"price": "0.979", "size": "14.58"}, {"price": "0.95", "size": "330"}, {"price": "0.94", "size": "33"}, {"price": "0.93", "size": "1700"}, {"price": "0.9", "size": "360"}, {"price": "0.898", "size": "250"}, {"price": "0.897", "size": "5.79"}, {"price": "0.85", "size": "876.66"}, {"price": "0.81", "size": "168.42"}, {"price": "0.8", "size": "400"}, {"price": "0.799", "size": "796"}, {"price": "0.76", "size": "116.66"}, {"price": "0.759", "size": "1942"}, {"price": "0.71", "size": "139.65"}, {"price": "0.705", "size": "150"}, {"price": "0.66", "size": "70.58"}, {"price": "0.61", "size": "51.28"}, {"price": "0.601", "size": "1632"}, {"price": "0.49", "size": "35.71"}, {"price": "0.46", "size": "11.11"}, {"price": "0.4", "size": "10"}, {"price": "0.33", "size": "179.56"}, {"price": "0.17", "size": "1100"}, {"price": "0.16", "size": "13"}, {"price": "0.13", "size": "78.17"}, {"price": "0.12", "size": "100"}, {"price": "0.11", "size": "3251"}, {"price": "0.1", "size": "393.07"}, {"price": "0.099", "size": "10"}, {"price": "0.07", "size": "1000"}, {"price": "0.061", "size": "219.74"}, {"price": "0.06", "size": "1010"}, {"price": "0.056", "size": "200.1"}, {"price": "0.053", "size": "200"}, {"price": "0.05", "size": "1050.54"}, {"price": "0.049", "size": "140.36"}, {"price": "0.047", "size": "400"}, {"price": "0.046", "size": "494"}, {"price": "0.045", "size": "30"}], "event_type": "book", "last_trade_price": "0.037"}]}
{"_local_timestamp": "2026-01-25T23:34:19.880824+00:00", "data": {"market": "0x1e17e60a28b3f9ddb668c5fac7b225095a5734a3825cf013659166045e94322f", "price_changes": [{"asset_id": "1555201711706083610636719648513677366795194689095003556737740537948506744934", "price": "0.241", "size": "200", "side": "BUY", "hash": "65a075e8983552c5121000e8cb544a6378ee56fe", "best_bid": "0.955", "best_ask": "0.963"}, {"asset_id": "82282239328474018205105491929033644496357668579127643134512317986090887443137", "price": "0.759", "size": "200", "side": "SELL", "hash": "b33f49361e4e1dcb7a65fe5f693aa74c376d7e3f", "best_bid": "0.037", "best_ask": "0.045"}], "timestamp": "1769384059756", "event_type": "price_change"}}
{"_local_timestamp": "2026-01-25T23:34:27.778751+00:00", "data": {"market": "0x1e17e60a28b3f9ddb668c5fac7b225095a5734a3825cf013659166045e94322f", "price_changes": [{"asset_id": "1555201711706083610636719648513677366795194689095003556737740537948506744934", "price": "0.295", "size": "50", "side": "BUY", "hash": "c89c1e795331520016861da7047f2c8da02333af", "best_bid": "0.955", "best_ask": "0.963"}, {"asset_id": "82282239328474018205105491929033644496357668579127643134512317986090887443137", "price": "0.705", "size": "50", "side": "SELL", "hash": "4c2b5dcb50568f8292dd4dafd636ddcb233e0a70", "best_bid": "0.037", "best_ask": "0.045"}], "timestamp": "1769384067580", "event_type": "price_change"}}
{"_local_timestamp": "2026-01-25T23:34:28.609328+00:00", "data": {"market": "0x1e17e60a28b3f9ddb668c5fac7b225095a5734a3825cf013659166045e94322f", "price_changes": [{"asset_id": "1555201711706083610636719648513677366795194689095003556737740537948506744934", "price": "0.241", "size": "300", "side": "BUY", "hash": "7c816ba93ea6d25cdd95bf45c51db61996479ae7", "best_bid": "0.955", "best_ask": "0.963"}, {"asset_id": "82282239328474018205105491929033644496357668579127643134512317986090887443137", "price": "0.759", "size": "300", "side": "SELL", "hash": "57b20a9032c365f43d2511d8871f5419e610363d", "best_bid": "0.037", "best_ask": "0.045"}], "timestamp": "1769384068174", "event_type": "price_change"}}
{"_local_timestamp": "2026-01-25T23:34:43.653328+00:00", "data": {"market": "0x1e17e60a28b3f9ddb668c5fac7b225095a5734a3825cf013659166045e94322f", "price_changes": [{"asset_id": "1555201711706083610636719648513677366795194689095003556737740537948506744934", "price": "0.295", "size": "0", "side": "BUY", "hash": "de7b4be83796487ee61f17aa46c15ee5f7cc9f77", "best_bid": "0.955", "best_ask": "0.963"}, {"asset_id": "82282239328474018205105491929033644496357668579127643134512317986090887443137", "price": "0.705", "size": "0", "side": "SELL", "hash": "1b3784fd0022732855441f0f678da29a9618fcb9", "best_bid": "0.037", "best_ask": "0.045"}], "timestamp": "1769384083553", "event_type": "price_change"}}
{"_local_timestamp": "2026-01-25T23:34:43.893949+00:00", "data": {"market": "0x1e17e60a28b3f9ddb668c5fac7b225095a5734a3825cf013659166045e94322f", "price_changes": [{"asset_id": "1555201711706083610636719648513677366795194689095003556737740537948506744934", "price": "0.29", "size": "189.65", "side": "BUY", "hash": "2fc202e7dfac55b14a9ec653ecfd420e6c91c94a", "best_bid": "0.955", "best_ask": "0.963"}, {"asset_id": "82282239328474018205105491929033644496357668579127643134512317986090887443137", "price": "0.71", "size": "189.65", "side": "SELL", "hash": "603d6e293151812d7c2d24c18c82dceb53b7d307", "best_bid": "0.037", "best_ask": "0.045"}], "timestamp": "1769384083802", "event_type": "price_change"}}
{"_local_timestamp": "2026-01-25T23:35:12.479240+00:00", "data": {"market": "0x1e17e60a28b3f9ddb668c5fac7b225095a5734a3825cf013659166045e94322f", "price_changes": [{"asset_id": "1555201711706083610636719648513677366795194689095003556737740537948506744934", "price": "0.296", "size": "1418", "side": "BUY", "hash": "868ae623d783aec89472e011a6b0956e6f39a177", "best_bid": "0.955", "best_ask": "0.963"}, {"asset_id": "82282239328474018205105491929033644496357668579127643134512317986090887443137", "price": "0.704", "size": "1418", "side": "SELL", "hash": "e928b2a2fcbb72b683c7aff2b7f45591fe79e022", "best_bid": "0.037", "best_ask": "0.045"}], "timestamp": "1769384112411", "event_type": "price_change"}}
{"_local_timestamp": "2026-01-25T23:35:31.371183+00:00", "data": {"market": "0x1e17e60a28b3f9ddb668c5fac7b225095a5734a3825cf013659166045e94322f", "price_changes": [{"asset_id": "82282239328474018205105491929033644496357668579127643134512317986090887443137", "price": "0.035", "size": "200", "side": "BUY", "hash": "e40ab8cae47a3399ce74453d6f2035abba197b6e", "best_bid": "0.037", "best_ask": "0.045"}, {"asset_id": "1555201711706083610636719648513677366795194689095003556737740537948506744934", "price": "0.965", "size": "200", "side": "SELL", "hash": "1a9d6421bef5bc6e6a6868779e4af3db93b1ab85", "best_bid": "0.955", "best_ask": "0.963"}], "timestamp": "1769384131242", "event_type": "price_change"}}
{"_local_timestamp": "2026-01-25T23:35:56.486046+00:00", "data": {"market": "0x1e17e60a28b3f9ddb668c5fac7b225095a5734a3825cf013659166045e94322f", "price_changes": [{"asset_id": "1555201711706083610636719648513677366795194689095003556737740537948506744934", "price": "0.29", "size": "139.65", "side": "BUY", "hash": "8d675fca1fd4cee70c7b1be44841ea67438b0541", "best_bid": "0.955", "best_ask": "0.963"}, {"asset_id": "82282239328474018205105491929033644496357668579127643134512317986090887443137", "price": "0.71", "size": "139.65", "side": "SELL", "hash": "af6ba5f52ec938429cad683b7378c91d2db3032a", "best_bid": "0.037", "best_ask": "0.045"}], "timestamp": "1769384156308", "event_type": "price_change"}}
{"_local_timestamp": "2026-01-25T23:35:56.874941+00:00", "data": {"market": "0x1e17e60a28b3f9ddb668c5fac7b225095a5734a3825cf013659166045e94322f", "price_changes": [{"asset_id": "1555201711706083610636719648513677366795194689095003556737740537948506744934", "price": "0.295", "size": "50", "side": "BUY", "hash": "436bd4937fc6178fda71c059333208c0b79d5fb7", "best_bid": "0.955", "best_ask": "0.963"}, {"asset_id": "82282239328474018205105491929033644496357668579127643134512317986090887443137", "price": "0.705", "size": "50", "side": "SELL", "hash": "96562e6ce5d452deea5a01e7e72589403e2190c5", "best_bid": "0.037", "best_ask": "0.045"}], "timestamp": "1769384156747", "event_type": "price_change"}}
{"_local_timestamp": "2026-01-25T23:35:58.151297+00:00", "data": {"market": "0x1e17e60a28b3f9ddb668c5fac7b225095a5734a3825cf013659166045e94322f", "price_changes": [{"asset_id": "1555201711706083610636719648513677366795194689095003556737740537948506744934", "price": "0.296", "size": "0", "side": "BUY", "hash": "6e7d741fb95ca35768d08cce4b4f1e65e5a08ec7", "best_bid": "0.955", "best_ask": "0.963"}, {"asset_id": "82282239328474018205105491929033644496357668579127643134512317986090887443137", "price": "0.704", "size": "0", "side": "SELL", "hash": "fe92f0de330759e55f27e255d6cbfaad866d75b4", "best_bid": "0.037", "best_ask": "0.045"}], "timestamp": "1769384158068", "event_type": "price_change"}}
{"_local_timestamp": "2026-01-25T23:36:02.375572+00:00", "data": {"market": "0x1e17e60a28b3f9ddb668c5fac7b225095a5734a3825cf013659166045e94322f", "price_changes": [{"asset_id": "1555201711706083610636719648513677366795194689095003556737740537948506744934", "price": "0.29", "size": "89.65", "side": "BUY", "hash": "687ca43be4c0485265c0a0bcbd0f4a05a1f8b7f3", "best_bid": "0.955", "best_ask": "0.963"}, {"asset_id": "82282239328474018205105491929033644496357668579127643134512317986090887443137", "price": "0.71", "size": "89.65", "side": "SELL", "hash": "b230f8eb9342e2ee1566febd8eb0cc63b81da3d7", "best_bid": "0.037", "best_ask": "0.045"}], "timestamp": "1769384162266", "event_type": "price_change"}}
{"_local_timestamp": "2026-01-25T23:36:02.684462+00:00", "data": {"market": "0x1e17e60a28b3f9ddb668c5fac7b225095a5734a3825cf013659166045e94322f", "price_changes": [{"asset_id": "1555201711706083610636719648513677366795194689095003556737740537948506744934", "price": "0.296", "size": "50", "side": "BUY", "hash": "62add922aa70be793365e47800ca24e8b4cb8889", "best_bid": "0.955", "best_ask": "0.963"}, {"asset_id": "82282239328474018205105491929033644496357668579127643134512317986090887443137", "price": "0.704", "size": "50", "side": "SELL", "hash": "58f159ed532047ba4590eb68c523f14f9abc47df", "best_bid": "0.037", "best_ask": "0.045"}], "timestamp": "1769384162557", "event_type": "price_change"}}
{"_local_timestamp": "2026-01-25T23:36:06.075867+00:00", "data": {"market": "0x1e17e60a28b3f9ddb668c5fac7b225095a5734a3825cf013659166045e94322f", "price_changes": [{"asset_id": "82282239328474018205105491929033644496357668579127643134512317986090887443137", "price": "0.02", "size": "1600", "side": "BUY", "hash": "a4d9d8df51b25d2634e5d3c71412df55c66a7282", "best_bid": "0.037", "best_ask": "0.045"}, {"asset_id": "1555201711706083610636719648513677366795194689095003556737740537948506744934", "price": "0.98", "size": "1600", "side": "SELL", "hash": "723e2d3fd650d216422e8e2ded4787bc208250cf", "best_bid": "0.955", "best_ask": "0.963"}], "timestamp": "1769384166000", "event_type": "price_change"}}
{"_local_timestamp": "2026-01-25T23:36:19.589272+00:00", "data": {"market": "0x1e17e60a28b3f9ddb668c5fac7b225095a5734a3825cf013659166045e94322f", "price_changes": [{"asset_id": "82282239328474018205105491929033644496357668579127643134512317986090887443137", "price": "0.02", "size": "1650", "side": "BUY", "hash": "26636f75170dad30fb5f7e02dd6dafdc0e21df4e", "best_bid": "0.037", "best_ask": "0.045"}, {"asset_id": "1555201711706083610636719648513677366795194689095003556737740537948506744934", "price": "0.98", "size": "1650", "side": "SELL", "hash": "06f5a28a9e19e7121880eb58f7df28d35a4560b7", "best_bid": "0.955", "best_ask": "0.963"}], "timestamp": "1769384179501", "event_type": "price_change"}}
{"_local_timestamp": "2026-01-25T23:36:34.055650+00:00", "data": {"market": "0x1e17e60a28b3f9ddb668c5fac7b225095a5734a3825cf013659166045e94322f", "price_changes": [{"asset_id": "82282239328474018205105491929033644496357668579127643134512317986090887443137", "price": "0.037", "size": "286.6", "side": "BUY", "hash": "137cd9810a628f074b8ec50519a9c0946e665f8b", "best_bid": "0.037", "best_ask": "0.045"}, {"asset_id": "1555201711706083610636719648513677366795194689095003556737740537948506744934", "price": "0.963", "size": "286.6", "side": "SELL", "hash": "2b3574c6962667eae95c925cee445fcd3f46ed59", "best_bid": "0.955", "best_ask": "0.963"}], "timestamp": "1769384193981", "event_type": "price_change"}}
{"_local_timestamp": "2026-01-25T23:36:35.036629+00:00", "data": {"market": "0x1e17e60a28b3f9ddb668c5fac7b225095a5734a3825cf013659166045e94322f", "price_changes": [{"asset_id": "1555201711706083610636719648513677366795194689095003556737740537948506744934", "price": "0.955", "size": "0", "side": "BUY", "hash": "4bc537129047f427832eb17f37c9eaf802198444", "best_bid": "0.954", "best_ask": "0.963"}, {"asset_id": "82282239328474018205105491929033644496357668579127643134512317986090887443137", "price": "0.045", "size": "0", "side": "SELL", "hash": "0dd1844de2ba760be4fa878c89ca572861502a11", "best_bid": "0.037", "best_ask": "0.046"}], "timestamp": "1769384194965", "event_type": "price_change"}}
{"_local_timestamp": "2026-01-25T23:36:36.460067+00:00", "data": {"market": "0x1e17e60a28b3f9ddb668c5fac7b225095a5734a3825cf013659166045e94322f", "price_changes": [{"asset_id": "82282239328474018205105491929033644496357668579127643134512317986090887443137", "price": "0.034", "size": "300.06", "side": "BUY", "hash": "652dce4247a24f73a37ddbc0c0d77f8a45667cf7", "best_bid": "0.037", "best_ask": "0.046"}, {"asset_id": "1555201711706083610636719648513677366795194689095003556737740537948506744934", "price": "0.966", "size": "300.06", "side": "SELL", "hash": "1e5c2c3bfbcdca82e0140c782487c30e98d1d457", "best_bid": "0.954", "best_ask": "0.963"}], "timestamp": "1769384196382", "event_type": "price_change"}}
{"_local_timestamp": "2026-01-25T23:36:36.460569+00:00", "data": {"market": "0x1e17e60a28b3f9ddb668c5fac7b225095a5734a3825cf013659166045e94322f", "price_changes": [{"asset_id": "82282239328474018205105491929033644496357668579127643134512317986090887443137", "price": "0.047", "size": "200", "side": "SELL", "hash": "652dce4247a24f73a37ddbc0c0d77f8a45667cf7", "best_bid": "0.037", "best_ask": "0.046"}, {"asset_id": "1555201711706083610636719648513677366795194689095003556737740537948506744934", "price": "0.953", "size": "200", "side": "BUY", "hash": "1e5c2c3bfbcdca82e0140c782487c30e98d1d457", "best_bid": "0.954", "best_ask": "0.963"}], "timestamp": "1769384196382", "event_type": "price_change"}}
{"_local_timestamp": "2026-01-25T23:36:38.632014+00:00", "data": {"market": "0x1e17e60a28b3f9ddb668c5fac7b225095a5734a3825cf013659166045e94322f", "price_changes": [{"asset_id": "82282239328474018205105491929033644496357668579127643134512317986090887443137", "price": "0.023", "size": "218", "side": "BUY", "hash": "206a9a322cf039c5ddc075718392d80c47ee454b", "best_bid": "0.037", "best_ask": "0.046"}, {"asset_id": "1555201711706083610636719648513677366795194689095003556737740537948506744934", "price": "0.977", "size": "218", "side": "SELL", "hash": "52d2a13f6e23ee6e6687d63766e4e33ac876d5fe", "best_bid": "0.954", "best_ask": "0.963"}], "timestamp": "1769384198560", "event_type": "price_change"}}
{"_local_timestamp": "2026-01-25T23:36:38.632595+00:00", "data": {"market": "0x1e17e60a28b3f9ddb668c5fac7b225095a5734a3825cf013659166045e94322f", "price_changes": [{"asset_id": "82282239328474018205105491929033644496357668579127643134512317986090887443137", "price": "0.034", "size": "123.06", "side": "BUY", "hash": "206a9a322cf039c5ddc075718392d80c47ee454b", "best_bid": "0.037", "best_ask": "0.046"}, {"asset_id": "1555201711706083610636719648513677366795194689095003556737740537948506744934", "price": "0.966", "size": "123.06", "side": "SELL", "hash": "52d2a13f6e23ee6e6687d63766e4e33ac876d5fe", "best_bid": "0.954", "best_ask": "0.963"}], "timestamp": "1769384198560", "event_type": "price_change"}}
{"_local_timestamp": "2026-01-25T23:36:38.637715+00:00", "data": {"market": "0x1e17e60a28b3f9ddb668c5fac7b225095a5734a3825cf013659166045e94322f", "price_changes": [{"asset_id": "82282239328474018205105491929033644496357668579127643134512317986090887443137", "price": "0.017", "size": "2823", "side": "BUY", "hash": "206a9a322cf039c5ddc075718392d80c47ee454b", "best_bid": "0.037", "best_ask": "0.046"}, {"asset_id": "1555201711706083610636719648513677366795194689095003556737740537948506744934", "price": "0.983", "size": "2823", "side": "SELL", "hash": "52d2a13f6e23ee6e6687d63766e4e33ac876d5fe", "best_bid": "0.954", "best_ask": "0.963"}], "timestamp": "1769384198560", "event_type": "price_change"}}
{"_local_timestamp": "2026-01-25T23:36:38.638230+00:00", "data": {"market": "0x1e17e60a28b3f9ddb668c5fac7b225095a5734a3825cf013659166045e94322f", "price_changes": [{"asset_id": "82282239328474018205105491929033644496357668579127643134512317986090887443137", "price": "0.011", "size": "3829.93", "side": "BUY", "hash": "206a9a322cf039c5ddc075718392d80c47ee454b", "best_bid": "0.037", "best_ask": "0.046"}, {"asset_id": "1555201711706083610636719648513677366795194689095003556737740537948506744934", "price": "0.989", "size": "3829.93", "side": "SELL", "hash": "52d2a13f6e23ee6e6687d63766e4e33ac876d5fe", "best_bid": "0.954", "best_ask": "0.963"}], "timestamp": "1769384198560", "event_type": "price_change"}}
{"_local_timestamp": "2026-01-25T23:36:38.638566+00:00", "data": {"market": "0x1e17e60a28b3f9ddb668c5fac7b225095a5734a3825cf013659166045e94322f", "price_changes": [{"asset_id": "82282239328474018205105491929033644496357668579127643134512317986090887443137", "price": "0.02", "size": "1550", "side": "BUY", "hash": "206a9a322cf039c5ddc075718392d80c47ee454b", "best_bid": "0.037", "best_ask": "0.046"}, {"asset_id": "1555201711706083610636719648513677366795194689095003556737740537948506744934", "price": "0.98", "size": "1550", "side": "SELL", "hash": "52d2a13f6e23ee6e6687d63766e4e33ac876d5fe", "best_bid": "0.954", "best_ask": "0.963"}], "timestamp": "1769384198560", "event_type": "price_change"}}
{"_local_timestamp": "2026-01-25T23:36:38.638876+00:00", "data": {"market": "0x1e17e60a28b3f9ddb668c5fac7b225095a5734a3825cf013659166045e94322f", "price_changes": [{"asset_id": "82282239328474018205105491929033644496357668579127643134512317986090887443137", "price": "0.001", "size": "17114.99", "side": "BUY", "hash": "206a9a322cf039c5ddc075718392d80c47ee454b", "best_bid": "0.037", "best_ask": "0.046"}, {"asset_id": "1555201711706083610636719648513677366795194689095003556737740537948506744934", "price": "0.999", "size": "17114.99", "side": "SELL", "hash": "52d2a13f6e23ee6e6687d63766e4e33ac876d5fe", "best_bid": "0.954", "best_ask": "0.963"}], "timestamp": "1769384198560", "event_type": "price_change"}}
{"_local_timestamp": "2026-01-25T23:36:38.639174+00:00", "data": {"market": "0x1e17e60a28b3f9ddb668c5fac7b225095a5734a3825cf013659166045e94322f", "price_changes": [{"asset_id": "82282239328474018205105491929033644496357668579127643134512317986090887443137", "price": "0.014", "size": "715", "side": "BUY", "hash": "206a9a322cf039c5ddc075718392d80c47ee454b", "best_bid": "0.037", "best_ask": "0.046"}, {"asset_id": "1555201711706083610636719648513677366795194689095003556737740537948506744934", "price": "0.986", "size": "715", "side": "SELL", "hash": "52d2a13f6e23ee6e6687d63766e4e33ac876d5fe", "best_bid": "0.954", "best_ask": "0.963"}], "timestamp": "1769384198560", "event_type": "price_change"}}
{"_local_timestamp": "2026-01-25T23:36:38.732555+00:00", "data": {"market": "0x1e17e60a28b3f9ddb668c5fac7b225095a5734a3825cf013659166045e94322f", "price_changes": [{"asset_id": "82282239328474018205105491929033644496357668579127643134512317986090887443137", "price": "0.017", "size": "3294", "side": "BUY", "hash": "2e4668981790501644b3907b65bf1efe421049d7", "best_bid": "0.037", "best_ask": "0.046"}, {"asset_id": "1555201711706083610636719648513677366795194689095003556737740537948506744934", "price": "0.983", "size": "3294", "side": "SELL", "hash": "d49e3bc3b09f74115778d9705304d9523324da2c", "best_bid": "0.954", "best_ask": "0.963"}], "timestamp": "1769384198656", "event_type": "price_change"}}
{"_local_timestamp": "2026-01-25T23:36:38.733019+00:00", "data": {"market": "0x1e17e60a28b3f9ddb668c5fac7b225095a5734a3825cf013659166045e94322f", "price_changes": [{"asset_id": "82282239328474018205105491929033644496357668579127643134512317986090887443137", "price": "0.011", "size": "4101.93", "side": "BUY", "hash": "8a1783d96636055c9f57a592f534db1095f2fc65", "best_bid": "0.037", "best_ask": "0.046"}, {"asset_id": "1555201711706083610636719648513677366795194689095003556737740537948506744934", "price": "0.989", "size": "4101.93", "side": "SELL", "hash": "e9f59c22a21d4af15d41d9201532fd7574b53d10", "best_bid": "0.954", "best_ask": "0.963"}], "timestamp": "1769384198656", "event_type": "price_change"}}
{"_local_timestamp": "2026-01-25T23:36:38.733451+00:00", "data": {"market": "0x1e17e60a28b3f9ddb668c5fac7b225095a5734a3825cf013659166045e94322f", "price_changes": [{"asset_id": "82282239328474018205105491929033644496357668579127643134512317986090887443137", "price": "0.014", "size": "786", "side": "BUY", "hash": "d1f3a9efb72a5ffe1bc94eecf627accf5ed488df", "best_bid": "0.037", "best_ask": "0.046"}, {"asset_id": "1555201711706083610636719648513677366795194689095003556737740537948506744934", "price": "0.986", "size": "786", "side": "SELL", "hash": "3a97f0c68db3bd88b00658c2db8c47e3d0e88425", "best_bid": "0.954", "best_ask": "0.963"}], "timestamp": "1769384198657", "event_type": "price_change"}}
{"_local_timestamp": "2026-01-25T23:36:38.762764+00:00", "data": {"market": "0x1e17e60a28b3f9ddb668c5fac7b225095a5734a3825cf013659166045e94322f", "price_changes": [{"asset_id": "82282239328474018205105491929033644496357668579127643134512317986090887443137", "price": "0.023", "size": "261", "side": "BUY", "hash": "c70a4671df3dfdd404943ecd6ec368a794101ac4", "best_bid": "0.037", "best_ask": "0.046"}, {"asset_id": "1555201711706083610636719648513677366795194689095003556737740537948506744934", "price": "0.977", "size": "261", "side": "SELL", "hash": "0390e8e1fa75c91be6f4410a649b79ffd74d596f", "best_bid": "0.954", "best_ask": "0.963"}], "timestamp": "1769384198658", "event_type": "price_change"}}
{"_local_timestamp": "2026-01-25T23:36:38.966949+00:00", "data": {"market": "0x1e17e60a28b3f9ddb668c5fac7b225095a5734a3825cf013659166045e94322f", "price_changes": [{"asset_id": "1555201711706083610636719648513677366795194689095003556737740537948506744934", "price": "0.953", "size": "0", "side": "BUY", "hash": "ad1406d92d2e8d39b5c40bc8b98c01d5f5c4fd46", "best_bid": "0.954", "best_ask": "0.963"}, {"asset_id": "82282239328474018205105491929033644496357668579127643134512317986090887443137", "price": "0.047", "size": "0", "side": "SELL", "hash": "67fe1f609275e8e90cc9e94e40fcfc3695d7397d", "best_bid": "0.037", "best_ask": "0.046"}], "timestamp": "1769384198896", "event_type": "price_change"}}
{"_local_timestamp": "2026-01-25T23:36:38.988399+00:00", "data": {"market": "0x1e17e60a28b3f9ddb668c5fac7b225095a5734a3825cf013659166045e94322f", "price_changes": [{"asset_id": "1555201711706083610636719648513677366795194689095003556737740537948506744934", "price": "0.954", "size": "277", "side": "BUY", "hash": "3bada045d8ad06fa667ffcad6a166fd75743141e", "best_bid": "0.954", "best_ask": "0.963"}, {"asset_id": "82282239328474018205105491929033644496357668579127643134512317986090887443137", "price": "0.046", "size": "277", "side": "SELL", "hash": "13081bf341f028f728e319e02dc6a3dc7612c9bd", "best_bid": "0.037", "best_ask": "0.046"}], "timestamp": "1769384198919", "event_type": "price_change"}}
{"_local_timestamp": "2026-01-25T23:36:39.008669+00:00", "data": {"market": "0x1e17e60a28b3f9ddb668c5fac7b225095a5734a3825cf013659166045e94322f", "price_changes": [{"asset_id": "82282239328474018205105491929033644496357668579127643134512317986090887443137", "price": "0.036", "size": "0", "side": "BUY", "hash": "2cdaf47a40f10c66c7e9dca63958e7b2b0a65233", "best_bid": "0.037", "best_ask": "0.046"}, {"asset_id": "1555201711706083610636719648513677366795194689095003556737740537948506744934", "price": "0.964", "size": "0", "side": "SELL", "hash": "1e8102e112f9829762332003563f29d76f35ce38", "best_bid": "0.954", "best_ask": "0.963"}], "timestamp": "1769384198942", "event_type": "price_change"}}
{"_local_timestamp": "2026-01-25T23:36:39.013604+00:00", "data": {"market": "0x1e17e60a28b3f9ddb668c5fac7b225095a5734a3825cf013659166045e94322f", "price_changes": [{"asset_id": "1555201711706083610636719648513677366795194689095003556737740537948506744934", "price": "0.952", "size": "217", "side": "BUY", "hash": "0ebfc9c8705ecc3cee50abef989253525b695a45", "best_bid": "0.954", "best_ask": "0.963"}, {"asset_id": "82282239328474018205105491929033644496357668579127643134512317986090887443137", "price": "0.048", "size": "217", "side": "SELL", "hash": "5014d3127d99c297a0a5335c01bc0f2ae3173591", "best_bid": "0.037", "best_ask": "0.046"}], "timestamp": "1769384198944", "event_type": "price_change"}}
{"_local_timestamp": "2026-01-25T23:36:39.042356+00:00", "data": {"market": "0x1e17e60a28b3f9ddb668c5fac7b225095a5734a3825cf013659166045e94322f", "price_changes": [{"asset_id": "82282239328474018205105491929033644496357668579127643134512317986090887443137", "price": "0.038", "size": "374", "side": "BUY", "hash": "ce64236f356f60329e021d81a3912aebc109ef1f", "best_bid": "0.038", "best_ask": "0.046"}, {"asset_id": "1555201711706083610636719648513677366795194689095003556737740537948506744934", "price": "0.962", "size": "374", "side": "SELL", "hash": "ef8dda83e94fd7192213832745d2560a96bc632d", "best_bid": "0.954", "best_ask": "0.962"}], "timestamp": "1769384198966", "event_type": "price_change"}}
{"_local_timestamp": "2026-01-25T23:36:40.135598+00:00", "data": {"market": "0x1e17e60a28b3f9ddb668c5fac7b225095a5734a3825cf013659166045e94322f", "price_changes": [{"asset_id": "82282239328474018205105491929033644496357668579127643134512317986090887443137", "price": "0.034", "size": "113.06", "side": "BUY", "hash": "b3d3e4d50c7805fde13a472938637ecdd108e260", "best_bid": "0.038", "best_ask": "0.046"}, {"asset_id": "1555201711706083610636719648513677366795194689095003556737740537948506744934", "price": "0.966", "size": "113.06", "side": "SELL", "hash": "111e20d7a9c4e65363837f38692ab84d5ba72c47", "best_bid": "0.954", "best_ask": "0.962"}], "timestamp": "1769384200062", "event_type": "price_change"}}
{"_local_timestamp": "2026-01-25T23:36:40.227067+00:00", "data": {"market": "0x1e17e60a28b3f9ddb668c5fac7b225095a5734a3825cf013659166045e94322f", "price_changes": [{"asset_id": "82282239328474018205105491929033644496357668579127643134512317986090887443137", "price": "0.035", "size": "210", "side": "BUY", "hash": "20825f63519a8ceb9dc6e1bb123fefa600972cc3", "best_bid": "0.038", "best_ask": "0.046"}, {"asset_id": "1555201711706083610636719648513677366795194689095003556737740537948506744934", "price": "0.965", "size": "210", "side": "SELL", "hash": "6e831c8a8e65bcc8e1b27a6572feb7f80287cf09", "best_bid": "0.954", "best_ask": "0.962"}], "timestamp": "1769384200152", "event_type": "price_change"}}
{"_local_timestamp": "2026-01-25T23:36:40.258997+00:00", "data": {"market": "0x1e17e60a28b3f9ddb668c5fac7b225095a5734a3825cf013659166045e94322f", "price_changes": [{"asset_id": "82282239328474018205105491929033644496357668579127643134512317986090887443137", "price": "0.047", "size": "200", "side": "SELL", "hash": "dc38893b7009752432f1639735c689828472817e", "best_bid": "0.038", "best_ask": "0.046"}, {"asset_id": "1555201711706083610636719648513677366795194689095003556737740537948506744934", "price": "0.953", "size": "200", "side": "BUY", "hash": "d982a67543be4255baa597b1d8c2b840d75c586e", "best_bid": "0.954", "best_ask": "0.962"}], "timestamp": "1769384200176", "event_type": "price_change"}}
{"_local_timestamp": "2026-01-25T23:36:40.259649+00:00", "data": {"market": "0x1e17e60a28b3f9ddb668c5fac7b225095a5734a3825cf013659166045e94322f", "price_changes": [{"asset_id": "82282239328474018205105491929033644496357668579127643134512317986090887443137", "price": "0.037", "size": "486.6", "side": "BUY", "hash": "66bff90b36e7b43802ad2c4faa656d0b8ceb092a", "best_bid": "0.038", "best_ask": "0.046"}, {"asset_id": "1555201711706083610636719648513677366795194689095003556737740537948506744934", "price": "0.963", "size": "486.6", "side": "SELL", "hash": "c524781072e85507ff3f58131c3e88c0dbc0b151", "best_bid": "0.954", "best_ask": "0.962"}], "timestamp": "1769384200176", "event_type": "price_change"}}
{"_local_timestamp": "2026-01-25T23:36:42.740820+00:00", "data": {"market": "0x1e17e60a28b3f9ddb668c5fac7b225095a5734a3825cf013659166045e94322f", "price_changes": [{"asset_id": "1555201711706083610636719648513677366795194689095003556737740537948506744934", "price": "0.952", "size": "417", "side": "BUY", "hash": "44286d76e2cfe80204645f190b156df1e42528fe", "best_bid": "0.954", "best_ask": "0.962"}, {"asset_id": "82282239328474018205105491929033644496357668579127643134512317986090887443137", "price": "0.048", "size": "417", "side": "SELL", "hash": "0369e9b5c3004b634aebf89d0f8c3cd6decfe7a8", "best_bid": "0.038", "best_ask": "0.046"}], "timestamp": "1769384202600", "event_type": "price_change"}}
{"_local_timestamp": "2026-01-25T23:36:43.450122+00:00", "data": {"market": "0x1e17e60a28b3f9ddb668c5fac7b225095a5734a3825cf013659166045e94322f", "price_changes": [{"asset_id": "1555201711706083610636719648513677366795194689095003556737740537948506744934", "price": "0.296", "size": "0", "side": "BUY", "hash": "e80b0b6ea2998003c9dcf1c8b634502f12c7864a", "best_bid": "0.954", "best_ask": "0.962"}, {"asset_id": "82282239328474018205105491929033644496357668579127643134512317986090887443137", "price": "0.704", "size": "0", "side": "SELL", "hash": "59c4e5422af013214439be3241ee9a8aa9129cb0", "best_bid": "0.038", "best_ask": "0.046"}], "timestamp": "1769384203234", "event_type": "price_change"}}
{"_local_timestamp": "2026-01-25T23:36:43.789331+00:00", "data": {"market": "0x1e17e60a28b3f9ddb668c5fac7b225095a5734a3825cf013659166045e94322f", "price_changes": [{"asset_id": "1555201711706083610636719648513677366795194689095003556737740537948506744934", "price": "0.29", "size": "139.65", "side": "BUY", "hash": "4591d03ae36382b12793a9455cb12e825b0e1fa9", "best_bid": "0.954", "best_ask": "0.962"}, {"asset_id": "82282239328474018205105491929033644496357668579127643134512317986090887443137", "price": "0.71", "size": "139.65", "side": "SELL", "hash": "f78ee672903fd0a6fac69a14a080c50cece8452f", "best_bid": "0.038", "best_ask": "0.046"}], "timestamp": "1769384203573", "event_type": "price_change"}}
{"_local_timestamp": "2026-01-25T23:36:57.997525+00:00", "data": {"market": "0x1e17e60a28b3f9ddb668c5fac7b225095a5734a3825cf013659166045e94322f", "price_changes": [{"asset_id": "1555201711706083610636719648513677366795194689095003556737740537948506744934", "price": "0.291", "size": "1442", "side": "BUY", "hash": "1b4d1a069ff020f4ceac2a79e92e7362538c8359", "best_bid": "0.954", "best_ask": "0.962"}, {"asset_id": "82282239328474018205105491929033644496357668579127643134512317986090887443137", "price": "0.709", "size": "1442", "side": "SELL", "hash": "a1c32bd9da6cc5f8a706073e9335b17d975bfe51", "best_bid": "0.038", "best_ask": "0.046"}], "timestamp": "1769384217378", "event_type": "price_change"}}
{"_local_timestamp": "2026-01-25T23:37:13.137230+00:00", "data": {"market": "0x1e17e60a28b3f9ddb668c5fac7b225095a5734a3825cf013659166045e94322f", "price_changes": [{"asset_id": "1555201711706083610636719648513677366795194689095003556737740537948506744934", "price": "0.241", "size": "250", "side": "BUY", "hash": "04d0b7d53496d9ec41f1ad03dada0e3678392bc4", "best_bid": "0.954", "best_ask": "0.962"}, {"asset_id": "82282239328474018205105491929033644496357668579127643134512317986090887443137", "price": "0.759", "size": "250", "side": "SELL", "hash": "cd99fd34e1da3aead6c750144c5d9b85c0b2aae1", "best_bid": "0.038", "best_ask": "0.046"}], "timestamp": "1769384233013", "event_type": "price_change"}}
{"_local_timestamp": "2026-01-25T23:37:13.524073+00:00", "data": {"market": "0x1e17e60a28b3f9ddb668c5fac7b225095a5734a3825cf013659166045e94322f", "price_changes": [{"asset_id": "1555201711706083610636719648513677366795194689095003556737740537948506744934", "price": "0.296", "size": "50", "side": "BUY", "hash": "64fea5fb9fa1619d6d24cd83b21ad24425a94356", "best_bid": "0.954", "best_ask": "0.962"}, {"asset_id": "82282239328474018205105491929033644496357668579127643134512317986090887443137", "price": "0.704", "size": "50", "side": "SELL", "hash": "679fa12efc35623f1e597b7de4677bcf4e6e9d61", "best_bid": "0.038", "best_ask": "0.046"}], "timestamp": "1769384233383", "event_type": "price_change"}}
{"_local_timestamp": "2026-01-25T23:37:35.248210+00:00", "data": {"market": "0x1e17e60a28b3f9ddb668c5fac7b225095a5734a3825cf013659166045e94322f", "price_changes": [{"asset_id": "1555201711706083610636719648513677366795194689095003556737740537948506744934", "price": "0.291", "size": "0", "side": "BUY", "hash": "57ad7c0a915a86285359e0c09aaa8abcaacf35bf", "best_bid": "0.954", "best_ask": "0.962"}, {"asset_id": "82282239328474018205105491929033644496357668579127643134512317986090887443137", "price": "0.709", "size": "0", "side": "SELL", "hash": "955b6c62f96b92dd16a37692aff2add714784520", "best_bid": "0.038", "best_ask": "0.046"}], "timestamp": "1769384255118", "event_type": "price_change"}}
{"_local_timestamp": "2026-01-25T23:38:03.843858+00:00", "data": {"market": "0x1e17e60a28b3f9ddb668c5fac7b225095a5734a3825cf013659166045e94322f", "price_changes": [{"asset_id": "1555201711706083610636719648513677366795194689095003556737740537948506744934", "price": "0.29", "size": "89.65", "side": "BUY", "hash": "51ad6542ab8cd969d429c5e77d36dcca2a45ca6b", "best_bid": "0.954", "best_ask": "0.962"}, {"asset_id": "82282239328474018205105491929033644496357668579127643134512317986090887443137", "price": "0.71", "size": "89.65", "side": "SELL", "hash": "bb47b7120dace934a4e9aca0f45d35218bfbd285", "best_bid": "0.038", "best_ask": "0.046"}], "timestamp": "1769384283686", "event_type": "price_change"}}
{"_local_timestamp": "2026-01-25T23:38:04.094802+00:00", "data": {"market": "0x1e17e60a28b3f9ddb668c5fac7b225095a5734a3825cf013659166045e94322f", "price_changes": [{"asset_id": "1555201711706083610636719648513677366795194689095003556737740537948506744934", "price": "0.291", "size": "50", "side": "BUY", "hash": "7881d37ec16828633978ac75c1c2798883027452", "best_bid": "0.954", "best_ask": "0.962"}, {"asset_id": "82282239328474018205105491929033644496357668579127643134512317986090887443137", "price": "0.709", "size": "50", "side": "SELL", "hash": "c7d1010b8c9175e04c1596584c8f1e707aec7153", "best_bid": "0.038", "best_ask": "0.046"}], "timestamp": "1769384283925", "event_type": "price_change"}}
{"_local_timestamp": "2026-01-25T23:38:05.562670+00:00", "data": {"market": "0x1e17e60a28b3f9ddb668c5fac7b225095a5734a3825cf013659166045e94322f", "price_changes": [{"asset_id": "1555201711706083610636719648513677366795194689095003556737740537948506744934", "price": "0.242", "size": "1734", "side": "BUY", "hash": "cb92c3f84332f3bdd8af706075280342d19e322c", "best_bid": "0.954", "best_ask": "0.962"}, {"asset_id": "82282239328474018205105491929033644496357668579127643134512317986090887443137", "price": "0.758", "size": "1734", "side": "SELL", "hash": "d5aed1704fbbc8688b2a728c02e2ca010ae6347c", "best_bid": "0.038", "best_ask": "0.046"}], "timestamp": "1769384285406", "event_type": "price_change"}}
{"_local_timestamp": "2026-01-25T23:38:21.302003+00:00", "data": {"market": "0x1e17e60a28b3f9ddb668c5fac7b225095a5734a3825cf013659166045e94322f", "price_changes": [{"asset_id": "1555201711706083610636719648513677366795194689095003556737740537948506744934", "price": "0.241", "size": "200", "side": "BUY", "hash": "3a97788af7dea333387561c29e7007731d692dba", "best_bid": "0.954", "best_ask": "0.962"}, {"asset_id": "82282239328474018205105491929033644496357668579127643134512317986090887443137", "price": "0.759", "size": "200", "side": "SELL", "hash": "b7a39632bfab4347b532f0e5dae80c92764e01cc", "best_bid": "0.038", "best_ask": "0.046"}], "timestamp": "1769384301130", "event_type": "price_change"}}
{"_local_timestamp": "2026-01-25T23:38:21.303369+00:00", "data": {"market": "0x1e17e60a28b3f9ddb668c5fac7b225095a5734a3825cf013659166045e94322f", "price_changes": [{"asset_id": "1555201711706083610636719648513677366795194689095003556737740537948506744934", "price": "0.295", "size": "0", "side": "BUY", "hash": "3a97788af7dea333387561c29e7007731d692dba", "best_bid": "0.954", "best_ask": "0.962"}, {"asset_id": "82282239328474018205105491929033644496357668579127643134512317986090887443137", "price": "0.705", "size": "0", "side": "SELL", "hash": "b7a39632bfab4347b532f0e5dae80c92764e01cc", "best_bid": "0.038", "best_ask": "0.046"}], "timestamp": "1769384301130", "event_type": "price_change"}}
{"_local_timestamp": "2026-01-25T23:38:21.697908+00:00", "data": {"market": "0x1e17e60a28b3f9ddb668c5fac7b225095a5734a3825cf013659166045e94322f", "price_changes": [{"asset_id": "1555201711706083610636719648513677366795194689095003556737740537948506744934", "price": "0.27", "size": "50", "side": "BUY", "hash": "2d36490ed86fa2b5f202dcf63e896663f56cee95", "best_bid": "0.954", "best_ask": "0.962"}, {"asset_id": "82282239328474018205105491929033644496357668579127643134512317986090887443137", "price": "0.73", "size": "50", "side": "SELL", "hash": "36cfefcb6d4a0d1cb4c84c443e704fa6bb67cee3", "best_bid": "0.038", "best_ask": "0.046"}], "timestamp": "1769384301486", "event_type": "price_change"}}
{"_local_timestamp": "2026-01-25T23:38:21.698868+00:00", "data": {"market": "0x1e17e60a28b3f9ddb668c5fac7b225095a5734a3825cf013659166045e94322f", "price_changes": [{"asset_id": "1555201711706083610636719648513677366795194689095003556737740537948506744934", "price": "0.201", "size": "846", "side": "BUY", "hash": "ddaa9614ada1949b51b4c37a554b7fb535de0026", "best_bid": "0.954", "best_ask": "0.962"}, {"asset_id": "82282239328474018205105491929033644496357668579127643134512317986090887443137", "price": "0.799", "size": "846", "side": "SELL", "hash": "702c3c06794964443e4f973ae17eee63f46c2af5", "best_bid": "0.038", "best_ask": "0.046"}], "timestamp": "1769384301515", "event_type": "price_change"}}
{"_local_timestamp": "2026-01-25T23:38:41.508910+00:00", "data": {"market": "0x1e17e60a28b3f9ddb668c5fac7b225095a5734a3825cf013659166045e94322f", "price_changes": [{"asset_id": "1555201711706083610636719648513677366795194689095003556737740537948506744934", "price": "0.241", "size": "100", "side": "BUY", "hash": "122d7c1ce44672309392d021d30e03bd8f9c94b7", "best_bid": "0.954", "best_ask": "0.962"}, {"asset_id": "82282239328474018205105491929033644496357668579127643134512317986090887443137", "price": "0.759", "size": "100", "side": "SELL", "hash": "9d9556a6ed7e565fb6f7daeddbfaa114aa5ef515", "best_bid": "0.038", "best_ask": "0.046"}], "timestamp": "1769384321395", "event_type": "price_change"}}
{"_local_timestamp": "2026-01-25T23:38:41.509458+00:00", "data": {"market": "0x1e17e60a28b3f9ddb668c5fac7b225095a5734a3825cf013659166045e94322f", "price_changes": [{"asset_id": "1555201711706083610636719648513677366795194689095003556737740537948506744934", "price": "0.291", "size": "0", "side": "BUY", "hash": "122d7c1ce44672309392d021d30e03bd8f9c94b7", "best_bid": "0.954", "best_ask": "0.962"}, {"asset_id": "82282239328474018205105491929033644496357668579127643134512317986090887443137", "price": "0.709", "size": "0", "side": "SELL", "hash": "9d9556a6ed7e565fb6f7daeddbfaa114aa5ef515", "best_bid": "0.038", "best_ask": "0.046"}], "timestamp": "1769384321395", "event_type": "price_change"}}
{"_local_timestamp": "2026-01-25T23:38:41.780823+00:00", "data": {"market": "0x1e17e60a28b3f9ddb668c5fac7b225095a5734a3825cf013659166045e94322f", "price_changes": [{"asset_id": "1555201711706083610636719648513677366795194689095003556737740537948506744934", "price": "0.29", "size": "139.65", "side": "BUY", "hash": "48aa9d007ca13525aa3337f29b95cc00926fc353", "best_bid": "0.954", "best_ask": "0.962"}, {"asset_id": "82282239328474018205105491929033644496357668579127643134512317986090887443137", "price": "0.71", "size": "139.65", "side": "SELL", "hash": "493f50ba2418a12edf871b3210fa143c9599f282", "best_bid": "0.038", "best_ask": "0.046"}], "timestamp": "1769384321665", "event_type": "price_change"}}
{"_local_timestamp": "2026-01-25T23:38:41.840987+00:00", "data": {"market": "0x1e17e60a28b3f9ddb668c5fac7b225095a5734a3825cf013659166045e94322f", "price_changes": [{"asset_id": "1555201711706083610636719648513677366795194689095003556737740537948506744934", "price": "0.242", "size": "1834", "side": "BUY", "hash": "3f1506e8be575bb0234e0870827243f5be1372ad", "best_bid": "0.954", "best_ask": "0.962"}, {"asset_id": "82282239328474018205105491929033644496357668579127643134512317986090887443137", "price": "0.758", "size": "1834", "side": "SELL", "hash": "29bc119ebd02c5462113a7f2e1fea2c40434cb82", "best_bid": "0.038", "best_ask": "0.046"}], "timestamp": "1769384321688", "event_type": "price_change"}}
{"_local_timestamp": "2026-01-25T23:38:45.867262+00:00", "data": {"market": "0x1e17e60a28b3f9ddb668c5fac7b225095a5734a3825cf013659166045e94322f", "price_changes": [{"asset_id": "1555201711706083610636719648513677366795194689095003556737740537948506744934", "price": "0.944", "size": "0", "side": "BUY", "hash": "cc1b0174078cb1a0ec3d42bf705978a3a30854e2", "best_bid": "0.954", "best_ask": "0.962"}, {"asset_id": "82282239328474018205105491929033644496357668579127643134512317986090887443137", "price": "0.056", "size": "0", "side": "SELL", "hash": "3e16573620ff2c88345593ee2f5fa49f40ca4824", "best_bid": "0.038", "best_ask": "0.046"}], "timestamp": "1769384325789", "event_type": "price_change"}}
{"_local_timestamp": "2026-01-25T23:38:48.655502+00:00", "data": {"market": "0x1e17e60a28b3f9ddb668c5fac7b225095a5734a3825cf013659166045e94322f", "price_changes": [{"asset_id": "1555201711706083610636719648513677366795194689095003556737740537948506744934", "price": "0.942", "size": "200.1", "side": "BUY", "hash": "13b8e75feaf617b0c3508e761d9f2b3f34ee1413", "best_bid": "0.954", "best_ask": "0.962"}, {"asset_id": "82282239328474018205105491929033644496357668579127643134512317986090887443137", "price": "0.058", "size": "200.1", "side": "SELL", "hash": "48a9dac854ce6c05369f671f5ebe5b5cdb07301c", "best_bid": "0.038", "best_ask": "0.046"}], "timestamp": "1769384328575", "event_type": "price_change"}}
{"_local_timestamp": "2026-01-25T23:38:57.073378+00:00", "data": {"market": "0x1e17e60a28b3f9ddb668c5fac7b225095a5734a3825cf013659166045e94322f", "price_changes": [{"asset_id": "82282239328474018205105491929033644496357668579127643134512317986090887443137", "price": "0.011", "size": "3191.93", "side": "BUY", "hash": "b38d7a4437fbcedfeb57b304a6016c6759691092", "best_bid": "0.038", "best_ask": "0.046"}, {"asset_id": "1555201711706083610636719648513677366795194689095003556737740537948506744934", "price": "0.989", "size": "3191.93", "side": "SELL", "hash": "31b7bfd48a719db76479f2f617e39a20b30940bf", "best_bid": "0.954", "best_ask": "0.962"}], "timestamp": "1769384337000", "event_type": "price_change"}}
{"_local_timestamp": "2026-01-25T23:38:57.090100+00:00", "data": {"market": "0x1e17e60a28b3f9ddb668c5fac7b225095a5734a3825cf013659166045e94322f", "price_changes": [{"asset_id": "82282239328474018205105491929033644496357668579127643134512317986090887443137", "price": "0.001", "size": "1114.99", "side": "BUY", "hash": "996dea4edb72d1a87beb5112732b609fbdb82963", "best_bid": "0.038", "best_ask": "0.046"}, {"asset_id": "1555201711706083610636719648513677366795194689095003556737740537948506744934", "price": "0.999", "size": "1114.99", "side": "SELL", "hash": "353100b553cfbbae9ac8e79d956bfd7d15d026e5", "best_bid": "0.954", "best_ask": "0.962"}], "timestamp": "1769384337001", "event_type": "price_change"}}
{"_local_timestamp": "2026-01-25T23:38:57.090643+00:00", "data": {"market": "0x1e17e60a28b3f9ddb668c5fac7b225095a5734a3825cf013659166045e94322f", "price_changes": [{"asset_id": "82282239328474018205105491929033644496357668579127643134512317986090887443137", "price": "0.014", "size": "285", "side": "BUY", "hash": "1c47c0d70ab650c2336f3c9131155dfb89ca3e87", "best_bid": "0.038", "best_ask": "0.046"}, {"asset_id": "1555201711706083610636719648513677366795194689095003556737740537948506744934", "price": "0.986", "size": "285", "side": "SELL", "hash": "0bdd2c9dc849683c4c9096d889339f994dfca793", "best_bid": "0.954", "best_ask": "0.962"}], "timestamp": "1769384337002", "event_type": "price_change"}}
{"_local_timestamp": "2026-01-25T23:38:58.322033+00:00", "data": {"market": "0x1e17e60a28b3f9ddb668c5fac7b225095a5734a3825cf013659166045e94322f", "price_changes": [{"asset_id": "1555201711706083610636719648513677366795194689095003556737740537948506744934", "price": "0.296", "size": "0", "side": "BUY", "hash": "60f0afd569d8d5ed4af46f914ad59c0a10ec1e79", "best_bid": "0.954", "best_ask": "0.962"}, {"asset_id": "82282239328474018205105491929033644496357668579127643134512317986090887443137", "price": "0.704", "size": "0", "side": "SELL", "hash": "24e32ed12e28ba8161d6a87ea6ee8eb67b8a959e", "best_bid": "0.038", "best_ask": "0.046"}], "timestamp": "1769384338209", "event_type": "price_change"}}
{"_local_timestamp": "2026-01-25T23:38:58.834279+00:00", "data": {"market": "0x1e17e60a28b3f9ddb668c5fac7b225095a5734a3825cf013659166045e94322f", "price_changes": [{"asset_id": "1555201711706083610636719648513677366795194689095003556737740537948506744934", "price": "0.291", "size": "50", "side": "BUY", "hash": "a9c4b4e9a54cf02dca17fdd7e4e216fe645801d6", "best_bid": "0.954", "best_ask": "0.962"}, {"asset_id": "82282239328474018205105491929033644496357668579127643134512317986090887443137", "price": "0.709", "size": "50", "side": "SELL", "hash": "c318954853c1c69168c81d2b13832a601f80b7d1", "best_bid": "0.038", "best_ask": "0.046"}], "timestamp": "1769384338645", "event_type": "price_change"}}
{"_local_timestamp": "2026-01-25T23:39:02.629022+00:00", "data": {"market": "0x1e17e60a28b3f9ddb668c5fac7b225095a5734a3825cf013659166045e94322f", "price_changes": [{"asset_id": "82282239328474018205105491929033644496357668579127643134512317986090887443137", "price": "0.014", "size": "786", "side": "BUY", "hash": "cbecf8bc244be6d95c944d13b3d97dfbec57e199", "best_bid": "0.038", "best_ask": "0.046"}, {"asset_id": "1555201711706083610636719648513677366795194689095003556737740537948506744934", "price": "0.986", "size": "786", "side": "SELL", "hash": "5eb9ec536e7ac0da4a740818c922743a90425cfd", "best_bid": "0.954", "best_ask": "0.962"}], "timestamp": "1769384342562", "event_type": "price_change"}}
{"_local_timestamp": "2026-01-25T23:39:02.629646+00:00", "data": {"market": "0x1e17e60a28b3f9ddb668c5fac7b225095a5734a3825cf013659166045e94322f", "price_changes": [{"asset_id": "82282239328474018205105491929033644496357668579127643134512317986090887443137", "price": "0.011", "size": "4101.93", "side": "BUY", "hash": "42e91e9bc97a929b7b7d7e5b3469d3ebc5e53be3", "best_bid": "0.038", "best_ask": "0.046"}, {"asset_id": "1555201711706083610636719648513677366795194689095003556737740537948506744934", "price": "0.989", "size": "4101.93", "side": "SELL", "hash": "37161d8387a8eb365e687c229e2ad290805080fc", "best_bid": "0.954", "best_ask": "0.962"}], "timestamp": "1769384342562", "event_type": "price_change"}}
{"_local_timestamp": "2026-01-25T23:39:02.630163+00:00", "data": {"market": "0x1e17e60a28b3f9ddb668c5fac7b225095a5734a3825cf013659166045e94322f", "price_changes": [{"asset_id": "82282239328474018205105491929033644496357668579127643134512317986090887443137", "price": "0.001", "size": "17114.99", "side": "BUY", "hash": "c26e1b3ea30c04ceaee7d5fb31a47173c862d694", "best_bid": "0.038", "best_ask": "0.046"}, {"asset_id": "1555201711706083610636719648513677366795194689095003556737740537948506744934", "price": "0.999", "size": "17114.99", "side": "SELL", "hash": "f1dfbd78e3200ee2bf03c4636dc3a46b178231c2", "best_bid": "0.954", "best_ask": "0.962"}], "timestamp": "1769384342563", "event_type": "price_change"}}
{"_local_timestamp": "2026-01-25T23:39:20.519004+00:00", "data": {"market": "0x1e17e60a28b3f9ddb668c5fac7b225095a5734a3825cf013659166045e94322f", "price_changes": [{"asset_id": "1555201711706083610636719648513677366795194689095003556737740537948506744934", "price": "0.242", "size": "100", "side": "BUY", "hash": "324072ac425d980ac0f19bc9b32a421a643212ac", "best_bid": "0.954", "best_ask": "0.962"}, {"asset_id": "82282239328474018205105491929033644496357668579127643134512317986090887443137", "price": "0.758", "size": "100", "side": "SELL", "hash": "ae3b9e1a2ed0159e710ecd6c199c75931e30e637", "best_bid": "0.038", "best_ask": "0.046"}], "timestamp": "1769384360333", "event_type": "price_change"}}
{"_local_timestamp": "2026-01-25T23:39:22.365604+00:00", "data": {"market": "0x1e17e60a28b3f9ddb668c5fac7b225095a5734a3825cf013659166045e94322f", "price_changes": [{"asset_id": "1555201711706083610636719648513677366795194689095003556737740537948506744934", "price": "0.241", "size": "0", "side": "BUY", "hash": "098403df59d5f1bc35cc435ad15a1216ff86ec69", "best_bid": "0.954", "best_ask": "0.962"}, {"asset_id": "82282239328474018205105491929033644496357668579127643134512317986090887443137", "price": "0.759", "size": "0", "side": "SELL", "hash": "cb85520bb42529534acdc6f96bd6ee416000d934", "best_bid": "0.038", "best_ask": "0.046"}], "timestamp": "1769384362198", "event_type": "price_change"}}
{"_local_timestamp": "2026-01-25T23:39:22.977185+00:00", "data": {"market": "0x1e17e60a28b3f9ddb668c5fac7b225095a5734a3825cf013659166045e94322f", "price_changes": [{"asset_id": "1555201711706083610636719648513677366795194689095003556737740537948506744934", "price": "0.291", "size": "150", "side": "BUY", "hash": "6a4427e9f4d1e869d2a8ed1b15608c5898678fb6", "best_bid": "0.954", "best_ask": "0.962"}, {"asset_id": "82282239328474018205105491929033644496357668579127643134512317986090887443137", "price": "0.709", "size": "150", "side": "SELL", "hash": "86dd88d8a9c8831fe9dea42a122f01463a9c665a", "best_bid": "0.038", "best_ask": "0.046"}], "timestamp": "1769384362732", "event_type": "price_change"}}
{"_local_timestamp": "2026-01-25T23:39:29.191834+00:00", "data": {"market": "0x1e17e60a28b3f9ddb668c5fac7b225095a5734a3825cf013659166045e94322f", "price_changes": [{"asset_id": "82282239328474018205105491929033644496357668579127643134512317986090887443137", "price": "0.037", "size": "243.6", "side": "BUY", "hash": "ecd921972e301f052940f2b5e201ace12fc0b50a", "best_bid": "0.038", "best_ask": "0.046"}, {"asset_id": "1555201711706083610636719648513677366795194689095003556737740537948506744934", "price": "0.963", "size": "243.6", "side": "SELL", "hash": "590a6e8782943da6f28de84ad4b7ff6858c1934e", "best_bid": "0.954", "best_ask": "0.962"}], "timestamp": "1769384369112", "event_type": "price_change"}}
{"_local_timestamp": "2026-01-25T23:39:29.239569+00:00", "data": {"market": "0x1e17e60a28b3f9ddb668c5fac7b225095a5734a3825cf013659166045e94322f", "price_changes": [{"asset_id": "1555201711706083610636719648513677366795194689095003556737740537948506744934", "price": "0.952", "size": "200", "side": "BUY", "hash": "41b7d79c543c750499774bd5fcf1ce005d8b878f", "best_bid": "0.954", "best_ask": "0.962"}, {"asset_id": "82282239328474018205105491929033644496357668579127643134512317986090887443137", "price": "0.048", "size": "200", "side": "SELL", "hash": "489bd9e654e69e8c477903c6a612aece7ea9e01d", "best_bid": "0.038", "best_ask": "0.046"}], "timestamp": "1769384369156", "event_type": "price_change"}}
{"_local_timestamp": "2026-01-25T23:39:29.258654+00:00", "data": {"market": "0x1e17e60a28b3f9ddb668c5fac7b225095a5734a3825cf013659166045e94322f", "price_changes": [{"asset_id": "1555201711706083610636719648513677366795194689095003556737740537948506744934", "price": "0.954", "size": "494", "side": "BUY", "hash": "3649f8c37e07228b3330622e193fb4cc2671c0f3", "best_bid": "0.954", "best_ask": "0.962"}, {"asset_id": "82282239328474018205105491929033644496357668579127643134512317986090887443137", "price": "0.046", "size": "494", "side": "SELL", "hash": "ea1fd58d5d27aa9c7b219855d4ec410ae4293e6d", "best_bid": "0.038", "best_ask": "0.046"}], "timestamp": "1769384369188", "event_type": "price_change"}}
{"_local_timestamp": "2026-01-25T23:39:31.810897+00:00", "data": {"market": "0x1e17e60a28b3f9ddb668c5fac7b225095a5734a3825cf013659166045e94322f", "price_changes": [{"asset_id": "82282239328474018205105491929033644496357668579127643134512317986090887443137", "price": "0.039", "size": "230", "side": "BUY", "hash": "b05e523d3d99a4b5b9974a5b7a7799566fba0e17", "best_bid": "0.039", "best_ask": "0.046"}, {"asset_id": "1555201711706083610636719648513677366795194689095003556737740537948506744934", "price": "0.961", "size": "230", "side": "SELL", "hash": "5b65f54dd8e19e50332163325c76766273b2c17b", "best_bid": "0.954", "best_ask": "0.961"}], "timestamp": "1769384371735", "event_type": "price_change"}}
{"_local_timestamp": "2026-01-25T23:39:32.242737+00:00", "data": {"market": "0x1e17e60a28b3f9ddb668c5fac7b225095a5734a3825cf013659166045e94322f", "price_changes": [{"asset_id": "82282239328474018205105491929033644496357668579127643134512317986090887443137", "price": "0.037", "size": "218.6", "side": "BUY", "hash": "d42d670c5e2d31d7541dbb1bac1031e752abf0d2", "best_bid": "0.039", "best_ask": "0.046"}, {"asset_id": "1555201711706083610636719648513677366795194689095003556737740537948506744934", "price": "0.963", "size": "218.6", "side": "SELL", "hash": "22b5bd1e4511d18f8d977ae92ef099ec91cd496b", "best_bid": "0.954", "best_ask": "0.961"}], "timestamp": "1769384372177", "event_type": "price_change"}}
{"_local_timestamp": "2026-01-25T23:39:32.307282+00:00", "data": {"market": "0x1e17e60a28b3f9ddb668c5fac7b225095a5734a3825cf013659166045e94322f", "price_changes": [{"asset_id": "82282239328474018205105491929033644496357668579127643134512317986090887443137", "price": "0.04", "size": "25", "side": "BUY", "hash": "16c58ebc28e92bf13116efec91da39b52389d1e1", "best_bid": "0.04", "best_ask": "0.046"}, {"asset_id": "1555201711706083610636719648513677366795194689095003556737740537948506744934", "price": "0.96", "size": "25", "side": "SELL", "hash": "aacb6f90f9d95721c85228e886c50aa8b1a383b8", "best_bid": "0.954", "best_ask": "0.96"}], "timestamp": "1769384372234", "event_type": "price_change"}}
{"_local_timestamp": "2026-01-25T23:39:32.326915+00:00", "data": {"market": "0x1e17e60a28b3f9ddb668c5fac7b225095a5734a3825cf013659166045e94322f", "price_changes": [{"asset_id": "1555201711706083610636719648513677366795194689095003556737740537948506744934", "price": "0.954", "size": "277", "side": "BUY", "hash": "88d3da8b9b7d19851a28b5c14b7cae80e328cfc1", "best_bid": "0.954", "best_ask": "0.96"}, {"asset_id": "82282239328474018205105491929033644496357668579127643134512317986090887443137", "price": "0.046", "size": "277", "side": "SELL", "hash": "a58a56c800baea6979720947343e1253ae0d6f64", "best_bid": "0.04", "best_ask": "0.046"}], "timestamp": "1769384372258", "event_type": "price_change"}}
{"_local_timestamp": "2026-01-25T23:39:32.335370+00:00", "data": {"market": "0x1e17e60a28b3f9ddb668c5fac7b225095a5734a3825cf013659166045e94322f", "price_changes": [{"asset_id": "82282239328474018205105491929033644496357668579127643134512317986090887443137", "price": "0.038", "size": "0", "side": "BUY", "hash": "116b4f99be55e765a03b426246083eb5cae80713", "best_bid": "0.04", "best_ask": "0.046"}, {"asset_id": "1555201711706083610636719648513677366795194689095003556737740537948506744934", "price": "0.962", "size": "0", "side": "SELL", "hash": "043c06bf801847d40213e091e927b80d07d15d9e", "best_bid": "0.954", "best_ask": "0.96"}], "timestamp": "1769384372258", "event_type": "price_change"}}
{"_local_timestamp": "2026-01-25T23:39:33.506769+00:00", "data": {"market": "0x1e17e60a28b3f9ddb668c5fac7b225095a5734a3825cf013659166045e94322f", "price_changes": [{"asset_id": "82282239328474018205105491929033644496357668579127643134512317986090887443137", "price": "0.035", "size": "10", "side": "BUY", "hash": "cf2ec9d19b63876f80b38885fc824c3448d270f1", "best_bid": "0.04", "best_ask": "0.046"}, {"asset_id": "1555201711706083610636719648513677366795194689095003556737740537948506744934", "price": "0.965", "size": "10", "side": "SELL", "hash": "1c815916c3434f6c88524b6a2864455586845ff7", "best_bid": "0.954", "best_ask": "0.96"}], "timestamp": "1769384373429", "event_type": "price_change"}}
{"_local_timestamp": "2026-01-25T23:39:37.380960+00:00", "data": {"market": "0x1e17e60a28b3f9ddb668c5fac7b225095a5734a3825cf013659166045e94322f", "price_changes": [{"asset_id": "82282239328474018205105491929033644496357668579127643134512317986090887443137", "price": "0.037", "size": "418.6", "side": "BUY", "hash": "6cb0488532e8faf124d18b32c576caa7ed7e8735", "best_bid": "0.04", "best_ask": "0.046"}, {"asset_id": "1555201711706083610636719648513677366795194689095003556737740537948506744934", "price": "0.963", "size": "418.6", "side": "SELL", "hash": "1772bd9dace605b78b149148288f798cbc2e7fec", "best_bid": "0.954", "best_ask": "0.96"}], "timestamp": "1769384377312", "event_type": "price_change"}}
