{"_local_timestamp": "2026-01-25T23:33:17.430854+00:00", "data": [{"market": "0xa467b14d51f01b957109d9cbb1d6c124fab2a089d52ed8f471d23c2812e743b7", "asset_id": "32338220190071351435772801779725302244575775216413325951443816017994629993401", "timestamp": "1769383917216", "hash": "242474ca04f885f2b9f6cb6f9b5d9c127e7b8b20", "bids": [{"price": "0.01", "size": "2325378.99"}, {"price": "0.02", "size": "173190.47"}, {"price": "0.03", "size": "195403.72"}, {"price": "0.04", "size": "135237.1"}, {"price": "0.05", "size": "255548.4"}, {"price": "0.06", "size": "8908.78"}, {"price": "0.07", "size": "1882.66"}], "asks": [{"price": "0.99", "size": "77050.25"}, {"price": "0.98", "size": "57384"}, {"price": "0.97", "size": "100"}, {"price": "0.96", "size": "36402.47"}, {"price": "0.95", "size": "6030"}, {"price": "0.94", "size": "333"}, {"price": "0.92", "size": "1724"}, {"price": "0.91", "size": "400"}, {"price": "0.9", "size": "30"}, {"price": "0.89", "size": "5.44"}, {"price": "0.86", "size": "588.68"}, {"price": "0.84", "size": "256"}, {"price": "0.83", "size": "17.64"}, {"price": "0.81", "size": "168.42"}, {"price": "0.8", "size": "1400"}, {"price": "0.79", "size": "500"}, {"price": "0.78", "size": "739.95"}, {"price": "0.76", "size": "116.66"}, {"price": "0.75", "size": "12"}, {"price": "0.73", "size": "500"}, {"price": "0.72", "size": "1708.71"}, {"price": "0.71", "size": "89.65"}, {"price": "0.7", "size": "10"}, {"price": "0.68", "size": "64"}, {"price": "0.67", "size": "72.72"}, {"price": "0.66", "size": "8.82"}, {"price": "0.62", "size": "52.63"}, {"price": "0.61", "size": "7.69"}, {"price": "0.6", "size": "550"}, {"price": "0.59", "size": "500"}, {"price": "0.58", "size": "7.14"}, {"price": "0.55", "size": "2500"}, {"price": "0.54", "size": "1310.52"}, {"price": "0.53", "size": "3476"}, {"price": "0.5", "size": "177.42"}, {"price": "0.45", "size": "3166.66"}, {"price": "0.4", "size": "305"}, {"price": "0.38", "size": "714"}, {"price": "0.36", "size": "16"}, {"price": "0.35", "size": "2500"}, {"price": "0.33", "size": "400"}, {"price": "0.3", "size": "2228"}, {"price": "0.29", "size": "1600"}, {"price": "0.28", "size": "578.56"}, {"price": "0.27", "size": "500"}, {"price": "0.26", "size": "500"}, {"price": "0.25", "size": "2605"}, {"price": "0.24", "size": "1642.85"}, {"price": "0.23", "size": "850"}, {"price": "0.22", "size": "653.84"}, {"price": "0.21", "size": "520"}, {"price": "0.2", "size": "833.57"}, {"price": "0.19", "size": "5555"}, {"price": "0.18", "size": "5560"}, {"price": "0.17", "size": "6774"}, {"price": "0.16", "size": "3371.33"}, {"price": "0.15", "size": "3698"}, {"price": "0.14", "size": "110"}, {"price": "0.13", "size": "1172.61"}, {"price": "0.12", "size": "10146.61"}, {"price": "0.11", "size": "3016.31"}, {"price": "0.1", "size": "6404.43"}, {"price": "0.09", "size": "29421.38"}], "event_type": "book", "last_trade_price": "0.090"}, {"market": "0xa467b14d51f01b957109d9cbb1d6c124fab2a089d52ed8f471d23c2812e743b7", "asset_id": "25659310674993675562345759665114759892400026242514633218387667107987341231962", "timestamp": "1769383917216", "hash": "1387715aa1be857166e80adc9cb8bf3b9f33e8b5", "bids": [{"price": "0.01", "size": "77050.25"}, {"price": "0.02", "size": "57384"}, {"price": "0.03", "size": "100"}, {"price": "0.04", "size": "36402.47"}, {"price": "0.05", "size": "6030"}, {"price": "0.06", "size": "333"}, {"price": "0.08", "size": "1724"}, {"price": "0.09", "size": "400"}, {"price": "0.1", "size": "30"}, {"price": "0.11", "size": "5.44"}, {"price": "0.14", "size": "588.68"}, {"price": "0.16", "size": "256"}, {"price": "0.17", "size": "17.64"}, {"price": "0.19", "size": "168.42"}, {"price": "0.2", "size": "1400"}, {"price": "0.21", "size": "500"}, {"price": "0.22", "size": "739.95"}, {"price": "0.24", "size": "116.66"}, {"price": "0.25", "size": "12"}, {"price": "0.27", "size": "500"}, {"price": "0.28", "size": "1708.71"}, {"price": "0.29", "size": "89.65"}, {"price": "0.3", "size": "10"}, {"price": "0.32", "size": "64"}, {"price": "0.33", "size": "72.72"}, {"price": "0.34", "size": "8.82"}, {"price": "0.38", "size": "52.63"}, {"price": "0.39", "size": "7.69"}, {"price": "0.4", "size": "550"}, {"price": "0.41", "size": "500"}, {"price": "0.42", "size": "7.14"}, {"price": "0.45", "size": "2500"}, {"price": "0.46", "size": "1310.52"}, {"price": "0.47", "size": "3476"}, {"price": "0.5", "size": "177.42"}, {"price": "0.55", "size": "3166.66"}, {"price": "0.6", "size": "305"}, {"price": "0.62", "size": "714"}, {"price": "0.64", "size": "16"}, {"price": "0.65", "size": "2500"}, {"price": "0.67", "size": "400"}, {"price": "0.7", "size": "2228"}, {"price": "0.71", "size": "1600"}, {"price": "0.72", "size": "578.56"}, {"price": "0.73", "size": "500"}, {"price": "0.74", "size": "500"}, {"price": "0.75", "size": "2605"}, {"price": "0.76", "size": "1642.85"}, {"price": "0.77", "size": "850"}, {"price": "0.78", "size": "653.84"}, {"price": "0.79", "size": "520"}, {"price": "0.8", "size": "833.57"}, {"price": "0.81", "size": "5555"}, {"price": "0.82", "size": "5560"}, {"price": "0.83", "size": "6774"}, {"price": "0.84", "size": "3371.33"}, {"price": "0.85", "size": "3698"}, {"price": "0.86", "size": "110"}, {"price": "0.87", "size": "1172.61"}, {"price": "0.88", "size": "10146.61"}, {"price": "0.89", "size": "3016.31"}, {"price": "0.9", "size": "6404.43"}, {"price": "0.91", "size": "29421.38"}], "asks": [{"price": "0.99", "size": "2325378.99"}, {"price": "0.98", "size": "173190.47"}, {"price": "0.97", "size": "195403.72"}, {"price": "0.96", "size": "135237.1"}, {"price": "0.95", "size": "255548.4"}, {"price": "0.94", "size": "8908.78"}, {"price": "0.93", "size": "1882.66"}], "event_type": "book", "last_trade_price": "0.090"}]}
{"_local_timestamp": "2026-01-25T23:33:42.103566+00:00", "data": {"market": "0xa467b14d51f01b957109d9cbb1d6c124fab2a089d52ed8f471d23c2812e743b7", "price_changes": [{"asset_id": "32338220190071351435772801779725302244575775216413325951443816017994629993401", "price": "0.03", "size": "195393.72", "side": "BUY", "hash": "74494d71cfcfbdb193f39b013b6d7fee700364da", "best_bid": "0.07", "best_ask": "0.09"}, {"asset_id": "25659310674993675562345759665114759892400026242514633218387667107987341231962", "price": "0.97", "size": "195393.72", "side": "SELL", "hash": "510192837d95e7a4d87acdc7eca62642fb264287", "best_bid": "0.91", "best_ask": "0.93"}], "timestamp": "1769384022016", "event_type": "price_change"}}
{"_local_timestamp": "2026-01-25T23:33:42.138954+00:00", "data": {"market": "0xa467b14d51f01b957109d9cbb1d6c124fab2a089d52ed8f471d23c2812e743b7", "price_changes": [{"asset_id": "32338220190071351435772801779725302244575775216413325951443816017994629993401", "price": "0.04", "size": "135227.1", "side": "BUY", "hash": "b756f5c34f0284c39e372b660242f01dc3b2b3fa", "best_bid": "0.07", "best_ask": "0.09"}, {"asset_id": "25659310674993675562345759665114759892400026242514633218387667107987341231962", "price": "0.96", "size": "135227.1", "side": "SELL", "hash": "ad87e89e02b1e4d06ef5a08440a8f04426b30b52", "best_bid": "0.91", "best_ask": "0.93"}], "timestamp": "1769384022074", "event_type": "price_change"}}
{"_local_timestamp": "2026-01-25T23:33:42.158751+00:00", "data": {"market": "0xa467b14d51f01b957109d9cbb1d6c124fab2a089d52ed8f471d23c2812e743b7", "price_changes": [{"asset_id": "32338220190071351435772801779725302244575775216413325951443816017994629993401", "price": "0.06", "size": "9009.78", "side": "BUY", "hash": "d94f55afd1d8f6754f257721f9930dccca72ad94", "best_bid": "0.07", "best_ask": "0.09"}, {"asset_id": "25659310674993675562345759665114759892400026242514633218387667107987341231962", "price": "0.94", "size": "9009.78", "side": "SELL", "hash": "38db6fb8665ffe603698817ad4859f996328337d", "best_bid": "0.91", "best_ask": "0.93"}], "timestamp": "1769384022091", "event_type": "price_change"}}
{"_local_timestamp": "2026-01-25T23:33:42.171231+00:00", "data": {"market": "0xa467b14d51f01b957109d9cbb1d6c124fab2a089d52ed8f471d23c2812e743b7", "price_changes": [{"asset_id": "32338220190071351435772801779725302244575775216413325951443816017994629993401", "price": "0.05", "size": "255538.4", "side": "BUY", "hash": "80cf1f348f63d831dba9ab90bbd4f7b46ac25076", "best_bid": "0.07", "best_ask": "0.09"}, {"asset_id": "25659310674993675562345759665114759892400026242514633218387667107987341231962", "price": "0.95", "size": "255538.4", "side": "SELL", "hash": "ef626612b1eb7f034fec18e811945b603be114c1", "best_bid": "0.91", "best_ask": "0.93"}], "timestamp": "1769384022106", "event_type": "price_change"}}
{"_local_timestamp": "2026-01-25T23:33:42.231078+00:00", "data": {"market": "0xa467b14d51f01b957109d9cbb1d6c124fab2a089d52ed8f471d23c2812e743b7", "price_changes": [{"asset_id": "32338220190071351435772801779725302244575775216413325951443816017994629993401", "price": "0.06", "size": "8999.78", "side": "BUY", "hash": "b56000117fb720d062fa31ae44630e043b9cb111", "best_bid": "0.07", "best_ask": "0.09"}, {"asset_id": "25659310674993675562345759665114759892400026242514633218387667107987341231962", "price": "0.94", "size": "8999.78", "side": "SELL", "hash": "89f225f67ea9ba91225ec28db997af17c51d0dcf", "best_bid": "0.91", "best_ask": "0.93"}], "timestamp": "1769384022165", "event_type": "price_change"}}
{"_local_timestamp": "2026-01-25T23:33:42.267661+00:00", "data": {"market": "0xa467b14d51f01b957109d9cbb1d6c124fab2a089d52ed8f471d23c2812e743b7", "price_changes": [{"asset_id": "32338220190071351435772801779725302244575775216413325951443816017994629993401", "price": "0.07", "size": "1872.66", "side": "BUY", "hash": "941b7f6c7980d6a6e62603df4a0c6d083c7cb70b", "best_bid": "0.07", "best_ask": "0.09"}, {"asset_id": "25659310674993675562345759665114759892400026242514633218387667107987341231962", "price": "0.93", "size": "1872.66", "side": "SELL", "hash": "afb919733517876c68023c17fe495c5e01722622", "best_bid": "0.91", "best_ask": "0.93"}], "timestamp": "1769384022201", "event_type": "price_change"}}
{"_local_timestamp": "2026-01-25T23:33:42.321661+00:00", "data": {"market": "0xa467b14d51f01b957109d9cbb1d6c124fab2a089d52ed8f471d23c2812e743b7", "price_changes": [{"asset_id": "25659310674993675562345759665114759892400026242514633218387667107987341231962", "price": "0.87", "size": "1162.61", "side": "BUY", "hash": "205bbddc9c79db488d4cc3e72ecdb62015bb7ddd", "best_bid": "0.91", "best_ask": "0.93"}, {"asset_id": "32338220190071351435772801779725302244575775216413325951443816017994629993401", "price": "0.13", "size": "1162.61", "side": "SELL", "hash": "7d75fd0d78ae6d135903a59531d5db86d35263a7", "best_bid": "0.07", "best_ask": "0.09"}], "timestamp": "1769384022257", "event_type": "price_change"}}
{"_local_timestamp": "2026-01-25T23:33:42.353378+00:00", "data": {"market": "0xa467b14d51f01b957109d9cbb1d6c124fab2a089d52ed8f471d23c2812e743b7", "price_changes": [{"asset_id": "25659310674993675562345759665114759892400026242514633218387667107987341231962", "price": "0.88", "size": "10136.61", "side": "BUY", "hash": "ef0c16cab729bc056a5c5444b52e1bb622d82a40", "best_bid": "0.91", "best_ask": "0.93"}, {"asset_id": "32338220190071351435772801779725302244575775216413325951443816017994629993401", "price": "0.12", "size": "10136.61", "side": "SELL", "hash": "0c6281ac234295ec7e1c3f125060da29db997b89", "best_bid": "0.07", "best_ask": "0.09"}], "timestamp": "1769384022288", "event_type": "price_change"}}
{"_local_timestamp": "2026-01-25T23:33:42.397826+00:00", "data": {"market": "0xa467b14d51f01b957109d9cbb1d6c124fab2a089d52ed8f471d23c2812e743b7", "price_changes": [{"asset_id": "25659310674993675562345759665114759892400026242514633218387667107987341231962", "price": "0.89", "size": "3006.31", "side": "BUY", "hash": "a8df468a7ebf1d3b145f948a69c95a58b14059c0", "best_bid": "0.91", "best_ask": "0.93"}, {"asset_id": "32338220190071351435772801779725302244575775216413325951443816017994629993401", "price": "0.11", "size": "3006.31", "side": "SELL", "hash": "cf1802dcef5b68c524b3900f52d882fbc2a01546", "best_bid": "0.07", "best_ask": "0.09"}], "timestamp": "1769384022334", "event_type": "price_change"}}
{"_local_timestamp": "2026-01-25T23:33:42.495483+00:00", "data": {"market": "0xa467b14d51f01b957109d9cbb1d6c124fab2a089d52ed8f471d23c2812e743b7", "price_changes": [{"asset_id": "25659310674993675562345759665114759892400026242514633218387667107987341231962", "price": "0.9", "size": "6394.43", "side": "BUY", "hash": "15c9172b311aa9f49b62b8d37033e645dd23b75d", "best_bid": "0.91", "best_ask": "0.93"}, {"asset_id": "32338220190071351435772801779725302244575775216413325951443816017994629993401", "price": "0.1", "size": "6394.43", "side": "SELL", "hash": "449cbf2b029c48ab0defd15b4806ba23f88b4963", "best_bid": "0.07", "best_ask": "0.09"}], "timestamp": "1769384022429", "event_type": "price_change"}}
{"_local_timestamp": "2026-01-25T23:33:42.545155+00:00", "data": {"market": "0xa467b14d51f01b957109d9cbb1d6c124fab2a089d52ed8f471d23c2812e743b7", "price_changes": [{"asset_id": "25659310674993675562345759665114759892400026242514633218387667107987341231962", "price": "0.91", "size": "29411.38", "side": "BUY", "hash": "2110597ac47c2051a0a1f37f9dcf865df1b1157b", "best_bid": "0.91", "best_ask": "0.93"}, {"asset_id": "32338220190071351435772801779725302244575775216413325951443816017994629993401", "price": "0.09", "size": "29411.38", "side": "SELL", "hash": "df1eb2bb17449c279864483b667092f0f57b53d3", "best_bid": "0.07", "best_ask": "0.09"}], "timestamp": "1769384022478", "event_type": "price_change"}}
{"_local_timestamp": "2026-01-25T23:35:00.559192+00:00", "data": {"market": "0xa467b14d51f01b957109d9cbb1d6c124fab2a089d52ed8f471d23c2812e743b7", "price_changes": [{"asset_id": "32338220190071351435772801779725302244575775216413325951443816017994629993401", "price": "0.02", "size": "173176.71", "side": "BUY", "hash": "f132aadf39c70057c72693ab6eabdfaeafd2a395", "best_bid": "0.07", "best_ask": "0.09"}, {"asset_id": "25659310674993675562345759665114759892400026242514633218387667107987341231962", "price": "0.98", "size": "173176.71", "side": "SELL", "hash": "f677e4ec20682db082cd29501ed39d02af1c6539", "best_bid": "0.91", "best_ask": "0.93"}], "timestamp": "1769384100491", "event_type": "price_change"}}
{"_local_timestamp": "2026-01-25T23:35:00.561075+00:00", "data": {"market": "0xa467b14d51f01b957109d9cbb1d6c124fab2a089d52ed8f471d23c2812e743b7", "price_changes": [{"asset_id": "32338220190071351435772801779725302244575775216413325951443816017994629993401", "price": "0.05", "size": "255529.17", "side": "BUY", "hash": "f132aadf39c70057c72693ab6eabdfaeafd2a395", "best_bid": "0.07", "best_ask": "0.09"}, {"asset_id": "25659310674993675562345759665114759892400026242514633218387667107987341231962", "price": "0.95", "size": "255529.17", "side": "SELL", "hash": "f677e4ec20682db082cd29501ed39d02af1c6539", "best_bid": "0.91", "best_ask": "0.93"}], "timestamp": "1769384100491", "event_type": "price_change"}}
{"_local_timestamp": "2026-01-25T23:35:01.934732+00:00", "data": {"market": "0xa467b14d51f01b957109d9cbb1d6c124fab2a089d52ed8f471d23c2812e743b7", "price_changes": [{"asset_id": "32338220190071351435772801779725302244575775216413325951443816017994629993401", "price": "0.05", "size": "255538.4", "side": "BUY", "hash": "265e839f4a15716087601289e154bacb598628f5", "best_bid": "0.07", "best_ask": "0.09"}, {"asset_id": "25659310674993675562345759665114759892400026242514633218387667107987341231962", "price": "0.95", "size": "255538.4", "side": "SELL", "hash": "9ae97765ac62c21e43dda2a55b80ae8dc0eb3930", "best_bid": "0.91", "best_ask": "0.93"}], "timestamp": "1769384101812", "event_type": "price_change"}}
{"_local_timestamp": "2026-01-25T23:35:01.935199+00:00", "data": {"market": "0xa467b14d51f01b957109d9cbb1d6c124fab2a089d52ed8f471d23c2812e743b7", "price_changes": [{"asset_id": "32338220190071351435772801779725302244575775216413325951443816017994629993401", "price": "0.02", "size": "173190.47", "side": "BUY", "hash": "ea6c1135a92206f4e9c2f9197fcdb3edad07318f", "best_bid": "0.07", "best_ask": "0.09"}, {"asset_id": "25659310674993675562345759665114759892400026242514633218387667107987341231962", "price": "0.98", "size": "173190.47", "side": "SELL", "hash": "ad8acc69a344d4df49a805f7620b0629ed2aeb2f", "best_bid": "0.91", "best_ask": "0.93"}], "timestamp": "1769384101813", "event_type": "price_change"}}
