{"_local_timestamp": "2026-01-25T23:41:15.122357+00:00", "data": [{"market": "0x4694ec9169fd7df41af2741cc74a9da087cde234be2b89ab9470d66b5283ec58", "asset_id": "49980883359274488784813365694401579523162905578355253448655052386518154583604", "timestamp": "1769384474531", "hash": "9f6ec74f428a0e11197cb25ce090328d0bf7ca6a", "bids": [{"price": "0.01", "size": "1230"}, {"price": "0.02", "size": "16.8"}, {"price": "0.04", "size": "100"}, {"price": "0.05", "size": "540"}, {"price": "0.06", "size": "66"}, {"price": "0.08", "size": "900"}, {"price": "0.09", "size": "111.11"}, {"price": "0.1", "size": "6.63"}, {"price": "0.12", "size": "200"}, {"price": "0.13", "size": "613"}, {"price": "0.14", "size": "142"}, {"price": "0.2", "size": "250"}, {"price": "0.21", "size": "95"}, {"price": "0.22", "size": "50"}, {"price": "0.25", "size": "10"}, {"price": "0.26", "size": "100"}, {"price": "0.28", "size": "350"}, {"price": "0.51", "size": "35.69"}, {"price": "0.56", "size": "25"}, {"price": "0.58", "size": "22.41"}, {"price": "0.59", "size": "18.64"}, {"price": "0.81", "size": "20"}, {"price": "0.83", "size": "481.17"}, {"price": "0.84", "size": "409.18"}, {"price": "0.85", "size": "70"}], "asks": [{"price": "0.99", "size": "130"}, {"price": "0.98", "size": "25.76"}, {"price": "0.96", "size": "100"}, {"price": "0.95", "size": "100"}, {"price": "0.94", "size": "400"}, {"price": "0.93", "size": "371.2"}, {"price": "0.92", "size": "52"}, {"price": "0.91", "size": "111.11"}, {"price": "0.9", "size": "100"}, {"price": "0.89", "size": "1348.87"}, {"price": "0.88", "size": "322"}, {"price": "0.87", "size": "410.79"}, {"price": "0.86", "size": "156.7"}], "event_type": "book", "last_trade_price": "0.140"}, {"market": "0x4694ec9169fd7df41af2741cc74a9da087cde234be2b89ab9470d66b5283ec58", "asset_id": "83153540838457468714694904733088301221883930971408589725715533444575177077545", "timestamp": "1769384474531", "hash": "4f1532a2ed486b858b78e148ef101b536f4977d2", "bids": [{"price": "0.01", "size": "130"}, {"price": "0.02", "size": "25.76"}, {"price": "0.04", "size": "100"}, {"price": "0.05", "size": "100"}, {"price": "0.06", "size": "400"}, {"price": "0.07", "size": "371.2"}, {"price": "0.08", "size": "52"}, {"price": "0.09", "size": "111.11"}, {"price": "0.1", "size": "100"}, {"price": "0.11", "size": "1348.87"}, {"price": "0.12", "size": "322"}, {"price": "0.13", "size": "410.79"}, {"price": "0.14", "size": "156.7"}], "asks": [{"price": "0.99", "size": "1230"}, {"price": "0.98", "size": "16.8"}, {"price": "0.96", "size": "100"}, {"price": "0.95", "size": "540"}, {"price": "0.94", "size": "66"}, {"price": "0.92", "size": "900"}, {"price": "0.91", "size": "111.11"}, {"price": "0.9", "size": "6.63"}, {"price": "0.88", "size": "200"}, {"price": "0.87", "size": "613"}, {"price": "0.86", "size": "142"}, {"price": "0.8", "size": "250"}, {"price": "0.79", "size": "95"}, {"price": "0.78", "size": "50"}, {"price": "0.75", "size": "10"}, {"price": "0.74", "size": "100"}, {"price": "0.72", "size": "350"}, {"price": "0.49", "size": "35.69"}, {"price": "0.44", "size": "25"}, {"price": "0.42", "size": "22.41"}, {"price": "0.41", "size": "18.64"}, {"price": "0.19", "size": "20"}, {"price": "0.17", "size": "481.17"}, {"price": "0.16", "size": "409.18"}, {"price": "0.15", "size": "70"}], "event_type": "book", "last_trade_price": "0.140"}]}
{"_local_timestamp": "2026-01-25T23:41:22.677424+00:00", "data": {"market": "0x4694ec9169fd7df41af2741cc74a9da087cde234be2b89ab9470d66b5283ec58", "price_changes": [{"asset_id": "49980883359274488784813365694401579523162905578355253448655052386518154583604", "price": "0.22", "size": "1958", "side": "BUY", "hash": "c1b602e0a90e199407def2b1db11ea1297939a94", "best_bid": "0.85", "best_ask": "0.86"}, {"asset_id": "83153540838457468714694904733088301221883930971408589725715533444575177077545", "price": "0.78", "size": "1958", "side": "SELL", "hash": "8f7c635337b7cab8e5ea4936544685d0601ea8e6", "best_bid": "0.14", "best_ask": "0.15"}], "timestamp": "1769384482588", "event_type": "price_change"}}
{"_local_timestamp": "2026-01-25T23:41:45.992165+00:00", "data": {"market": "0x4694ec9169fd7df41af2741cc74a9da087cde234be2b89ab9470d66b5283ec58", "price_changes": [{"asset_id": "49980883359274488784813365694401579523162905578355253448655052386518154583604", "price": "0.82", "size": "10", "side": "BUY", "hash": "5f4120dc5ef59300f79df7188758544f9c465124", "best_bid": "0.85", "best_ask": "0.86"}, {"asset_id": "83153540838457468714694904733088301221883930971408589725715533444575177077545", "price": "0.18", "size": "10", "side": "SELL", "hash": "73c269f9c7fdcb338f4e6fc840d3ad9642e191c8", "best_bid": "0.14", "best_ask": "0.15"}], "timestamp": "1769384505917", "event_type": "price_change"}}
{"_local_timestamp": "2026-01-25T23:41:46.110824+00:00", "data": {"market": "0x4694ec9169fd7df41af2741cc74a9da087cde234be2b89ab9470d66b5283ec58", "price_changes": [{"asset_id": "83153540838457468714694904733088301221883930971408589725715533444575177077545", "price": "0.11", "size": "1358.87", "side": "BUY", "hash": "bc9a5cbfa9cbe90d6620734a559c8bc9edadec6a", "best_bid": "0.14", "best_ask": "0.15"}, {"asset_id": "49980883359274488784813365694401579523162905578355253448655052386518154583604", "price": "0.89", "size": "1358.87", "side": "SELL", "hash": "2c17588d109dd095cbb2f0fcef9bf4cc8d227b5a", "best_bid": "0.85", "best_ask": "0.86"}], "timestamp": "1769384506009", "event_type": "price_change"}}
{"_local_timestamp": "2026-01-25T23:42:24.604201+00:00", "data": {"market": "0x4694ec9169fd7df41af2741cc74a9da087cde234be2b89ab9470d66b5283ec58", "price_changes": [{"asset_id": "49980883359274488784813365694401579523162905578355253448655052386518154583604", "price": "0.22", "size": "1908", "side": "BUY", "hash": "1d32413e78635f413c5774623aa983cfec826d52", "best_bid": "0.85", "best_ask": "0.86"}, {"asset_id": "83153540838457468714694904733088301221883930971408589725715533444575177077545", "price": "0.78", "size": "1908", "side": "SELL", "hash": "98167101942bbc22c635aa8cc49fc74b9f9a42c4", "best_bid": "0.14", "best_ask": "0.15"}], "timestamp": "1769384544478", "event_type": "price_change"}}
{"_local_timestamp": "2026-01-25T23:42:25.026597+00:00", "data": {"market": "0x4694ec9169fd7df41af2741cc74a9da087cde234be2b89ab9470d66b5283ec58", "price_changes": [{"asset_id": "49980883359274488784813365694401579523162905578355253448655052386518154583604", "price": "0.21", "size": "145", "side": "BUY", "hash": "5da7541d4726defa7f6bae4fb5b11f7b669a0bab", "best_bid": "0.85", "best_ask": "0.86"}, {"asset_id": "83153540838457468714694904733088301221883930971408589725715533444575177077545", "price": "0.79", "size": "145", "side": "SELL", "hash": "6de8266c6d030fcfd41209c5fecd22c5e8e1447c", "best_bid": "0.14", "best_ask": "0.15"}], "timestamp": "1769384544895", "event_type": "price_change"}}
{"_local_timestamp": "2026-01-25T23:42:47.131543+00:00", "data": {"market": "0x4694ec9169fd7df41af2741cc74a9da087cde234be2b89ab9470d66b5283ec58", "price_changes": [{"asset_id": "49980883359274488784813365694401579523162905578355253448655052386518154583604", "price": "0.22", "size": "0", "side": "BUY", "hash": "00ad3594dd40e92c1d06b015f02e71f956a13623", "best_bid": "0.85", "best_ask": "0.86"}, {"asset_id": "83153540838457468714694904733088301221883930971408589725715533444575177077545", "price": "0.78", "size": "0", "side": "SELL", "hash": "00c0e77fe1d687f5ec5f4b1527777e7bfd47f3fc", "best_bid": "0.14", "best_ask": "0.15"}], "timestamp": "1769384566987", "event_type": "price_change"}}
{"_local_timestamp": "2026-01-25T23:43:49.606010+00:00", "data": {"market": "0x4694ec9169fd7df41af2741cc74a9da087cde234be2b89ab9470d66b5283ec58", "price_changes": [{"asset_id": "49980883359274488784813365694401579523162905578355253448655052386518154583604", "price": "0.21", "size": "2143", "side": "BUY", "hash": "9e22f66c72c85c66e6ed51ef5ceb5c57064e9c2e", "best_bid": "0.85", "best_ask": "0.86"}, {"asset_id": "83153540838457468714694904733088301221883930971408589725715533444575177077545", "price": "0.79", "size": "2143", "side": "SELL", "hash": "3c19a333eb4a33774a34373f4eb97d88e7d41fd8", "best_bid": "0.14", "best_ask": "0.15"}], "timestamp": "1769384629496", "event_type": "price_change"}}
{"_local_timestamp": "2026-01-25T23:44:08.578055+00:00", "data": {"market": "0x4694ec9169fd7df41af2741cc74a9da087cde234be2b89ab9470d66b5283ec58", "price_changes": [{"asset_id": "49980883359274488784813365694401579523162905578355253448655052386518154583604", "price": "0.21", "size": "2093", "side": "BUY", "hash": "b90826e5dff4e4a0a6a3bedd08f0a0ac7862a71e", "best_bid": "0.85", "best_ask": "0.86"}, {"asset_id": "83153540838457468714694904733088301221883930971408589725715533444575177077545", "price": "0.79", "size": "2093", "side": "SELL", "hash": "37c72c664cac89d49d4131b59704ef69691ccec8", "best_bid": "0.14", "best_ask": "0.15"}], "timestamp": "1769384648355", "event_type": "price_change"}}
{"_local_timestamp": "2026-01-25T23:44:09.058013+00:00", "data": {"market": "0x4694ec9169fd7df41af2741cc74a9da087cde234be2b89ab9470d66b5283ec58", "price_changes": [{"asset_id": "49980883359274488784813365694401579523162905578355253448655052386518154583604", "price": "0.22", "size": "50", "side": "BUY", "hash": "e06976f48e5a9886ff1aa9af26e2d6416cd68977", "best_bid": "0.85", "best_ask": "0.86"}, {"asset_id": "83153540838457468714694904733088301221883930971408589725715533444575177077545", "price": "0.78", "size": "50", "side": "SELL", "hash": "16c0b2da7873d20c6689ed62b08c8f5b17acd25e", "best_bid": "0.14", "best_ask": "0.15"}], "timestamp": "1769384648750", "event_type": "price_change"}}
{"_local_timestamp": "2026-01-25T23:45:53.091197+00:00", "data": {"market": "0x4694ec9169fd7df41af2741cc74a9da087cde234be2b89ab9470d66b5283ec58", "price_changes": [{"asset_id": "49980883359274488784813365694401579523162905578355253448655052386518154583604", "price": "0.22", "size": "0", "side": "BUY", "hash": "a8801f1d972614050218f1e8771e3241b7fa7ede", "best_bid": "0.85", "best_ask": "0.86"}, {"asset_id": "83153540838457468714694904733088301221883930971408589725715533444575177077545", "price": "0.78", "size": "0", "side": "SELL", "hash": "7bae3c96ec3b87a874b1386d800c876e2b135de3", "best_bid": "0.14", "best_ask": "0.15"}], "timestamp": "1769384752998", "event_type": "price_change"}}
{"_local_timestamp": "2026-01-25T23:45:53.670774+00:00", "data": {"market": "0x4694ec9169fd7df41af2741cc74a9da087cde234be2b89ab9470d66b5283ec58", "price_changes": [{"asset_id": "49980883359274488784813365694401579523162905578355253448655052386518154583604", "price": "0.21", "size": "2143", "side": "BUY", "hash": "4c73a869724cf641ffdf2029be476d0b71baeab8", "best_bid": "0.85", "best_ask": "0.86"}, {"asset_id": "83153540838457468714694904733088301221883930971408589725715533444575177077545", "price": "0.79", "size": "2143", "side": "SELL", "hash": "60c267e337bd77350f05aaf81f9dee8402417038", "best_bid": "0.14", "best_ask": "0.15"}], "timestamp": "1769384753523", "event_type": "price_change"}}
{"_local_timestamp": "2026-01-25T23:46:10.658522+00:00", "data": {"market": "0x4694ec9169fd7df41af2741cc74a9da087cde234be2b89ab9470d66b5283ec58", "price_changes": [{"asset_id": "49980883359274488784813365694401579523162905578355253448655052386518154583604", "price": "0.21", "size": "145", "side": "BUY", "hash": "f81dff66a87df2dfb679e524e76bde281cf8693c", "best_bid": "0.85", "best_ask": "0.86"}, {"asset_id": "83153540838457468714694904733088301221883930971408589725715533444575177077545", "price": "0.79", "size": "145", "side": "SELL", "hash": "3e804b8efa85736b5b867ab9508ce028d405b98b", "best_bid": "0.14", "best_ask": "0.15"}], "timestamp": "1769384770464", "event_type": "price_change"}}
{"_local_timestamp": "2026-01-25T23:46:20.410660+00:00", "data": {"market": "0x4694ec9169fd7df41af2741cc74a9da087cde234be2b89ab9470d66b5283ec58", "price_changes": [{"asset_id": "49980883359274488784813365694401579523162905578355253448655052386518154583604", "price": "0.22", "size": "1908", "side": "BUY", "hash": "20ef5ec5f440ac95e46e2821e1fdfe1b92d7f318", "best_bid": "0.85", "best_ask": "0.86"}, {"asset_id": "83153540838457468714694904733088301221883930971408589725715533444575177077545", "price": "0.78", "size": "1908", "side": "SELL", "hash": "df36c9d29c7400f5e14452e412cfe135adb3efde", "best_bid": "0.14", "best_ask": "0.15"}], "timestamp": "1769384780343", "event_type": "price_change"}}
