{"_local_timestamp": "2026-01-25T23:34:08.329477+00:00", "data": [{"market": "0x4694ec9169fd7df41af2741cc74a9da087cde234be2b89ab9470d66b5283ec58", "asset_id": "49980883359274488784813365694401579523162905578355253448655052386518154583604", "timestamp": "1769384020545", "hash": "cd32a7092dfe63ff84d18b67510f1b2cfd8116a0", "bids": [{"price": "0.01", "size": "1230"}, {"price": "0.02", "size": "16.8"}, {"price": "0.04", "size": "100"}, {"price": "0.05", "size": "540"}, {"price": "0.06", "size": "66"}, {"price": "0.08", "size": "900"}, {"price": "0.09", "size": "111.11"}, {"price": "0.1", "size": "6.63"}, {"price": "0.12", "size": "200"}, {"price": "0.13", "size": "613"}, {"price": "0.14", "size": "142"}, {"price": "0.2", "size": "250"}, {"price": "0.21", "size": "2143"}, {"price": "0.25", "size": "10"}, {"price": "0.26", "size": "100"}, {"price": "0.28", "size": "350"}, {"price": "0.51", "size": "35.69"}, {"price": "0.56", "size": "25"}, {"price": "0.58", "size": "22.41"}, {"price": "0.59", "size": "18.64"}, {"price": "0.81", "size": "20"}, {"price": "0.83", "size": "481.17"}, {"price": "0.84", "size": "409.18"}, {"price": "0.85", "size": "70"}], "asks": [{"price": "0.99", "size": "130"}, {"price": "0.98", "size": "25.76"}, {"price": "0.96", "size": "100"}, {"price": "0.95", "size": "100"}, {"price": "0.94", "size": "400"}, {"price": "0.93", "size": "371.2"}, {"price": "0.92", "size": "52"}, {"price": "0.91", "size": "111.11"}, {"price": "0.9", "size": "100"}, {"price": "0.89", "size": "1348.87"}, {"price": "0.88", "size": "322"}, {"price": "0.87", "size": "410.79"}, {"price": "0.86", "size": "156.7"}], "event_type": "book", "last_trade_price": "0.140"}, {"market": "0x4694ec9169fd7df41af2741cc74a9da087cde234be2b89ab9470d66b5283ec58", "asset_id": "83153540838457468714694904733088301221883930971408589725715533444575177077545", "timestamp": "1769384020545", "hash": "06a46cc7a1f124844fd98c565dff0cdb21e00fc3", "bids": [{"price": "0.01", "size": "130"}, {"price": "0.02", "size": "25.76"}, {"price": "0.04", "size": "100"}, {"price": "0.05", "size": "100"}, {"price": "0.06", "size": "400"}, {"price": "0.07", "size": "371.2"}, {"price": "0.08", "size": "52"}, {"price": "0.09", "size": "111.11"}, {"price": "0.1", "size": "100"}, {"price": "0.11", "size": "1348.87"}, {"price": "0.12", "size": "322"}, {"price": "0.13", "size": "410.79"}, {"price": "0.14", "size": "156.7"}], "asks": [{"price": "0.99", "size": "1230"}, {"price": "0.98", "size": "16.8"}, {"price": "0.96", "size": "100"}, {"price": "0.95", "size": "540"}, {"price": "0.94", "size": "66"}, {"price": "0.92", "size": "900"}, {"price": "0.91", "size": "111.11"}, {"price": "0.9", "size": "6.63"}, {"price": "0.88", "size": "200"}, {"price": "0.87", "size": "613"}, {"price": "0.86", "size": "142"}, {"price": "0.8", "size": "250"}, {"price": "0.79", "size": "2143"}, {"price": "0.75", "size": "10"}, {"price": "0.74", "size": "100"}, {"price": "0.72", "size": "350"}, {"price": "0.49", "size": "35.69"}, {"price": "0.44", "size": "25"}, {"price": "0.42", "size": "22.41"}, {"price": "0.41", "size": "18.64"}, {"price": "0.19", "size": "20"}, {"price": "0.17", "size": "481.17"}, {"price": "0.16", "size": "409.18"}, {"price": "0.15", "size": "70"}], "event_type": "book", "last_trade_price": "0.140"}]}
{"_local_timestamp": "2026-01-25T23:34:19.889591+00:00", "data": {"market": "0x4694ec9169fd7df41af2741cc74a9da087cde234be2b89ab9470d66b5283ec58", "price_changes": [{"asset_id": "49980883359274488784813365694401579523162905578355253448655052386518154583604", "price": "0.21", "size": "145", "side": "BUY", "hash": "263c23bd97ed1f2f571619545106c896e85af3e5", "best_bid": "0.85", "best_ask": "0.86"}, {"asset_id": "83153540838457468714694904733088301221883930971408589725715533444575177077545", "price": "0.79", "size": "145", "side": "SELL", "hash": "0f3bff0c6275b51c201366d18060bbcdb1a6e64d", "best_bid": "0.14", "best_ask": "0.15"}], "timestamp": "1769384059758", "event_type": "price_change"}}
{"_local_timestamp": "2026-01-25T23:35:00.333516+00:00", "data": {"market": "0x4694ec9169fd7df41af2741cc74a9da087cde234be2b89ab9470d66b5283ec58", "price_changes": [{"asset_id": "49980883359274488784813365694401579523162905578355253448655052386518154583604", "price": "0.22", "size": "1908", "side": "BUY", "hash": "f6ca1d5578eaa4bee885ea8eceecc5a97053d034", "best_bid": "0.85", "best_ask": "0.86"}, {"asset_id": "83153540838457468714694904733088301221883930971408589725715533444575177077545", "price": "0.78", "size": "1908", "side": "SELL", "hash": "2ff7a764f6c3b04c01eac6436c81fe6dbd72c9b4", "best_bid": "0.14", "best_ask": "0.15"}], "timestamp": "1769384100270", "event_type": "price_change"}}
{"_local_timestamp": "2026-01-25T23:35:58.136199+00:00", "data": {"market": "0x4694ec9169fd7df41af2741cc74a9da087cde234be2b89ab9470d66b5283ec58", "price_changes": [{"asset_id": "49980883359274488784813365694401579523162905578355253448655052386518154583604", "price": "0.22", "size": "0", "side": "BUY", "hash": "f0c4efc643529e041d6a5d0a6d80f91c911e2256", "best_bid": "0.85", "best_ask": "0.86"}, {"asset_id": "83153540838457468714694904733088301221883930971408589725715533444575177077545", "price": "0.78", "size": "0", "side": "SELL", "hash": "d4934e3eb906d16f52f61c9c8dae0b812583d557", "best_bid": "0.14", "best_ask": "0.15"}], "timestamp": "1769384158066", "event_type": "price_change"}}
{"_local_timestamp": "2026-01-25T23:36:12.414376+00:00", "data": {"market": "0x4694ec9169fd7df41af2741cc74a9da087cde234be2b89ab9470d66b5283ec58", "price_changes": [{"asset_id": "49980883359274488784813365694401579523162905578355253448655052386518154583604", "price": "0.21", "size": "2143", "side": "BUY", "hash": "438c1e85e7576848bb0231cbc48484c519790b43", "best_bid": "0.85", "best_ask": "0.86"}, {"asset_id": "83153540838457468714694904733088301221883930971408589725715533444575177077545", "price": "0.79", "size": "2143", "side": "SELL", "hash": "3eed1d914bcacbe5bb7ce6f9ca8f7989c92e35c0", "best_bid": "0.14", "best_ask": "0.15"}], "timestamp": "1769384172346", "event_type": "price_change"}}
{"_local_timestamp": "2026-01-25T23:37:13.088913+00:00", "data": {"market": "0x4694ec9169fd7df41af2741cc74a9da087cde234be2b89ab9470d66b5283ec58", "price_changes": [{"asset_id": "49980883359274488784813365694401579523162905578355253448655052386518154583604", "price": "0.21", "size": "2093", "side": "BUY", "hash": "0c9c1977560bcf68675a5b4cbf0a8ac67850a400", "best_bid": "0.85", "best_ask": "0.86"}, {"asset_id": "83153540838457468714694904733088301221883930971408589725715533444575177077545", "price": "0.79", "size": "2093", "side": "SELL", "hash": "66c1a4490a743d56b1ebd9c53a257e1fd7b28dc9", "best_bid": "0.14", "best_ask": "0.15"}], "timestamp": "1769384232996", "event_type": "price_change"}}
{"_local_timestamp": "2026-01-25T23:37:13.524672+00:00", "data": {"market": "0x4694ec9169fd7df41af2741cc74a9da087cde234be2b89ab9470d66b5283ec58", "price_changes": [{"asset_id": "49980883359274488784813365694401579523162905578355253448655052386518154583604", "price": "0.22", "size": "50", "side": "BUY", "hash": "da191aa71a8c13fa29040741605628f1947d717f", "best_bid": "0.85", "best_ask": "0.86"}, {"asset_id": "83153540838457468714694904733088301221883930971408589725715533444575177077545", "price": "0.78", "size": "50", "side": "SELL", "hash": "29bec4385a367d62856e89aa03e66119fef68bf2", "best_bid": "0.14", "best_ask": "0.15"}], "timestamp": "1769384233376", "event_type": "price_change"}}
{"_local_timestamp": "2026-01-25T23:37:35.248323+00:00", "data": {"market": "0x4694ec9169fd7df41af2741cc74a9da087cde234be2b89ab9470d66b5283ec58", "price_changes": [{"asset_id": "49980883359274488784813365694401579523162905578355253448655052386518154583604", "price": "0.21", "size": "95", "side": "BUY", "hash": "4a2733c2abd9a045172e87b22baec524f32fc946", "best_bid": "0.85", "best_ask": "0.86"}, {"asset_id": "83153540838457468714694904733088301221883930971408589725715533444575177077545", "price": "0.79", "size": "95", "side": "SELL", "hash": "19636d51fcbe78807080a19240b0f4cf8da97824", "best_bid": "0.14", "best_ask": "0.15"}], "timestamp": "1769384255125", "event_type": "price_change"}}
{"_local_timestamp": "2026-01-25T23:37:37.660652+00:00", "data": {"market": "0x4694ec9169fd7df41af2741cc74a9da087cde234be2b89ab9470d66b5283ec58", "price_changes": [{"asset_id": "49980883359274488784813365694401579523162905578355253448655052386518154583604", "price": "0.22", "size": "1958", "side": "BUY", "hash": "6062d71d86aa1a411e368a064cc6c9b2ee2b59e1", "best_bid": "0.85", "best_ask": "0.86"}, {"asset_id": "83153540838457468714694904733088301221883930971408589725715533444575177077545", "price": "0.78", "size": "1958", "side": "SELL", "hash": "3d959a82790258a4af6d736efce6275238edcbb6", "best_bid": "0.14", "best_ask": "0.15"}], "timestamp": "1769384257589", "event_type": "price_change"}}
{"_local_timestamp": "2026-01-25T23:38:58.410784+00:00", "data": {"market": "0x4694ec9169fd7df41af2741cc74a9da087cde234be2b89ab9470d66b5283ec58", "price_changes": [{"asset_id": "49980883359274488784813365694401579523162905578355253448655052386518154583604", "price": "0.22", "size": "1908", "side": "BUY", "hash": "c5a8d343fb29a45a8f0d56cff6137b4a3d842fbd", "best_bid": "0.85", "best_ask": "0.86"}, {"asset_id": "83153540838457468714694904733088301221883930971408589725715533444575177077545", "price": "0.78", "size": "1908", "side": "SELL", "hash": "54229181d144494975c5ef50cfab0fda6a6283d4", "best_bid": "0.14", "best_ask": "0.15"}], "timestamp": "1769384338221", "event_type": "price_change"}}
{"_local_timestamp": "2026-01-25T23:38:58.798176+00:00", "data": {"market": "0x4694ec9169fd7df41af2741cc74a9da087cde234be2b89ab9470d66b5283ec58", "price_changes": [{"asset_id": "49980883359274488784813365694401579523162905578355253448655052386518154583604", "price": "0.21", "size": "145", "side": "BUY", "hash": "7ec3270226c4415d0e777881dbe3d94f9c37ab1f", "best_bid": "0.85", "best_ask": "0.86"}, {"asset_id": "83153540838457468714694904733088301221883930971408589725715533444575177077545", "price": "0.79", "size": "145", "side": "SELL", "hash": "76d8a7c1fd72202071e6234c821b0b8b0d808dca", "best_bid": "0.14", "best_ask": "0.15"}], "timestamp": "1769384338644", "event_type": "price_change"}}
{"_local_timestamp": "2026-01-25T23:39:20.555393+00:00", "data": {"market": "0x4694ec9169fd7df41af2741cc74a9da087cde234be2b89ab9470d66b5283ec58", "price_changes": [{"asset_id": "49980883359274488784813365694401579523162905578355253448655052386518154583604", "price": "0.22", "size": "0", "side": "BUY", "hash": "2ada0d4ccbcfb7a0ff05496b7abc3e6e80451aea", "best_bid": "0.85", "best_ask": "0.86"}, {"asset_id": "83153540838457468714694904733088301221883930971408589725715533444575177077545", "price": "0.78", "size": "0", "side": "SELL", "hash": "fc323944400bba42f06ab4426516d39211cdc04f", "best_bid": "0.14", "best_ask": "0.15"}], "timestamp": "1769384360337", "event_type": "price_change"}}
