{"_local_timestamp": "2026-01-25T23:33:21.791207+00:00", "data": [{"market": "0x387abd33ec2706bf5e2d5089556962f899c76f2e53e72de416ee097f5e0cde5f", "asset_id": "92117937101612979995545967061706012469465044784784255337936477146012148388257", "timestamp": "1769383959304", "hash": "fa2359a03ce15c4ade2cc6645b47dec69f5baae4", "bids": [{"price": "0.01", "size": "5509.69"}, {"price": "0.02", "size": "2200"}, {"price": "0.03", "size": "10.12"}, {"price": "0.05", "size": "30"}, {"price": "0.06", "size": "33"}, {"price": "0.08", "size": "800"}, {"price": "0.09", "size": "400"}, {"price": "0.1", "size": "1250"}, {"price": "0.11", "size": "305.44"}, {"price": "0.14", "size": "242.85"}, {"price": "0.15", "size": "550"}, {"price": "0.19", "size": "168.42"}, {"price": "0.2", "size": "700"}, {"price": "0.23", "size": "815.73"}, {"price": "0.24", "size": "1748"}, {"price": "0.25", "size": "300"}, {"price": "0.28", "size": "92.85"}, {"price": "0.3", "size": "350"}, {"price": "0.33", "size": "72.72"}, {"price": "0.37", "size": "4455"}, {"price": "0.38", "size": "52.63"}, {"price": "0.39", "size": "1543"}, {"price": "0.48", "size": "160"}, {"price": "0.65", "size": "190.9"}, {"price": "0.75", "size": "1000"}, {"price": "0.87", "size": "984.6"}, {"price": "0.91", "size": "710.79"}, {"price": "0.92", "size": "981.23"}, {"price": "0.93", "size": "628.21"}], "asks": [{"price": "0.99", "size": "1020.27"}, {"price": "0.98", "size": "5267.5"}, {"price": "0.97", "size": "1739.1"}, {"price": "0.96", "size": "1232.87"}, {"price": "0.95", "size": "2183.12"}, {"price": "0.94", "size": "650.53"}], "event_type": "book", "last_trade_price": "0.070"}, {"market": "0x387abd33ec2706bf5e2d5089556962f899c76f2e53e72de416ee097f5e0cde5f", "asset_id": "87834167452414513395250782274912164961953327877923232604083507081218756225485", "timestamp": "1769383959304", "hash": "08889f36909e30273905f6acf8dcd7f154d56beb", "bids": [{"price": "0.01", "size": "1020.27"}, {"price": "0.02", "size": "5267.5"}, {"price": "0.03", "size": "1739.1"}, {"price": "0.04", "size": "1232.87"}, {"price": "0.05", "size": "2183.12"}, {"price": "0.06", "size": "650.53"}], "asks": [{"price": "0.99", "size": "5509.69"}, {"price": "0.98", "size": "2200"}, {"price": "0.97", "size": "10.12"}, {"price": "0.95", "size": "30"}, {"price": "0.94", "size": "33"}, {"price": "0.92", "size": "800"}, {"price": "0.91", "size": "400"}, {"price": "0.9", "size": "1250"}, {"price": "0.89", "size": "305.44"}, {"price": "0.86", "size": "242.85"}, {"price": "0.85", "size": "550"}, {"price": "0.81", "size": "168.42"}, {"price": "0.8", "size": "700"}, {"price": "0.77", "size": "815.73"}, {"price": "0.76", "size": "1748"}, {"price": "0.75", "size": "300"}, {"price": "0.72", "size": "92.85"}, {"price": "0.7", "size": "350"}, {"price": "0.67", "size": "72.72"}, {"price": "0.63", "size": "4455"}, {"price": "0.62", "size": "52.63"}, {"price": "0.61", "size": "1543"}, {"price": "0.52", "size": "160"}, {"price": "0.35", "size": "190.9"}, {"price": "0.25", "size": "1000"}, {"price": "0.13", "size": "984.6"}, {"price": "0.09", "size": "710.79"}, {"price": "0.08", "size": "981.23"}, {"price": "0.07", "size": "628.21"}], "event_type": "book", "last_trade_price": "0.070"}]}
{"_local_timestamp": "2026-01-25T23:33:23.896840+00:00", "data": {"market": "0x387abd33ec2706bf5e2d5089556962f899c76f2e53e72de416ee097f5e0cde5f", "price_changes": [{"asset_id": "92117937101612979995545967061706012469465044784784255337936477146012148388257", "price": "0.25", "size": "200", "side": "BUY", "hash": "7875df07383b601ba4684733b952c44aaab6d03e", "best_bid": "0.93", "best_ask": "0.94"}, {"asset_id": "87834167452414513395250782274912164961953327877923232604083507081218756225485", "price": "0.75", "size": "200", "side": "SELL", "hash": "f0703d65d0405aeb0504a1e048f3dc0eb137abb4", "best_bid": "0.06", "best_ask": "0.07"}], "timestamp": "1769384003781", "event_type": "price_change"}}
{"_local_timestamp": "2026-01-25T23:33:24.366936+00:00", "data": {"market": "0x387abd33ec2706bf5e2d5089556962f899c76f2e53e72de416ee097f5e0cde5f", "price_changes": [{"asset_id": "92117937101612979995545967061706012469465044784784255337936477146012148388257", "price": "0.24", "size": "1848", "side": "BUY", "hash": "536e0979ca131fd0cbfa1c56620ad02a1f7f09a1", "best_bid": "0.93", "best_ask": "0.94"}, {"asset_id": "87834167452414513395250782274912164961953327877923232604083507081218756225485", "price": "0.76", "size": "1848", "side": "SELL", "hash": "4b4d8075e64dbe596dc4269b143442f6844cbce4", "best_bid": "0.06", "best_ask": "0.07"}], "timestamp": "1769384004264", "event_type": "price_change"}}
{"_local_timestamp": "2026-01-25T23:33:40.960773+00:00", "data": {"market": "0x387abd33ec2706bf5e2d5089556962f899c76f2e53e72de416ee097f5e0cde5f", "price_changes": [{"asset_id": "87834167452414513395250782274912164961953327877923232604083507081218756225485", "price": "0.02", "size": "5250", "side": "BUY", "hash": "782763bba56d896ffbe1ee5ea0866454cc62be74", "best_bid": "0.06", "best_ask": "0.07"}, {"asset_id": "92117937101612979995545967061706012469465044784784255337936477146012148388257", "price": "0.98", "size": "5250", "side": "SELL", "hash": "c827a146c072bfd6ea8c76e40571e9e206826df4", "best_bid": "0.93", "best_ask": "0.94"}], "timestamp": "1769384020860", "event_type": "price_change"}}
{"_local_timestamp": "2026-01-25T23:33:40.964389+00:00", "data": {"market": "0x387abd33ec2706bf5e2d5089556962f899c76f2e53e72de416ee097f5e0cde5f", "price_changes": [{"asset_id": "87834167452414513395250782274912164961953327877923232604083507081218756225485", "price": "0.03", "size": "1728", "side": "BUY", "hash": "782763bba56d896ffbe1ee5ea0866454cc62be74", "best_bid": "0.06", "best_ask": "0.07"}, {"asset_id": "92117937101612979995545967061706012469465044784784255337936477146012148388257", "price": "0.97", "size": "1728", "side": "SELL", "hash": "c827a146c072bfd6ea8c76e40571e9e206826df4", "best_bid": "0.93", "best_ask": "0.94"}], "timestamp": "1769384020860", "event_type": "price_change"}}
{"_local_timestamp": "2026-01-25T23:33:40.965563+00:00", "data": {"market": "0x387abd33ec2706bf5e2d5089556962f899c76f2e53e72de416ee097f5e0cde5f", "price_changes": [{"asset_id": "87834167452414513395250782274912164961953327877923232604083507081218756225485", "price": "0.04", "size": "1224.95", "side": "BUY", "hash": "782763bba56d896ffbe1ee5ea0866454cc62be74", "best_bid": "0.06", "best_ask": "0.07"}, {"asset_id": "92117937101612979995545967061706012469465044784784255337936477146012148388257", "price": "0.96", "size": "1224.95", "side": "SELL", "hash": "c827a146c072bfd6ea8c76e40571e9e206826df4", "best_bid": "0.93", "best_ask": "0.94"}], "timestamp": "1769384020860", "event_type": "price_change"}}
{"_local_timestamp": "2026-01-25T23:33:41.222023+00:00", "data": {"market": "0x387abd33ec2706bf5e2d5089556962f899c76f2e53e72de416ee097f5e0cde5f", "price_changes": [{"asset_id": "87834167452414513395250782274912164961953327877923232604083507081218756225485", "price": "0.02", "size": "5267.5", "side": "BUY", "hash": "75939c4c8118756c5b95970a5a13186653c30c43", "best_bid": "0.06", "best_ask": "0.07"}, {"asset_id": "92117937101612979995545967061706012469465044784784255337936477146012148388257", "price": "0.98", "size": "5267.5", "side": "SELL", "hash": "cdc8f63335dcad3410d59e6da01f66a74c3f1f7f", "best_bid": "0.93", "best_ask": "0.94"}], "timestamp": "1769384021144", "event_type": "price_change"}}
{"_local_timestamp": "2026-01-25T23:33:41.222647+00:00", "data": {"market": "0x387abd33ec2706bf5e2d5089556962f899c76f2e53e72de416ee097f5e0cde5f", "price_changes": [{"asset_id": "87834167452414513395250782274912164961953327877923232604083507081218756225485", "price": "0.03", "size": "1739.1", "side": "BUY", "hash": "851071cbb7053824f0f74b50f8bb0cb02c23aded", "best_bid": "0.06", "best_ask": "0.07"}, {"asset_id": "92117937101612979995545967061706012469465044784784255337936477146012148388257", "price": "0.97", "size": "1739.1", "side": "SELL", "hash": "64f35b07a8b573a06700f9f97f42f43ef02f7e52", "best_bid": "0.93", "best_ask": "0.94"}], "timestamp": "1769384021144", "event_type": "price_change"}}
{"_local_timestamp": "2026-01-25T23:33:41.223010+00:00", "data": {"market": "0x387abd33ec2706bf5e2d5089556962f899c76f2e53e72de416ee097f5e0cde5f", "price_changes": [{"asset_id": "87834167452414513395250782274912164961953327877923232604083507081218756225485", "price": "0.04", "size": "1232.87", "side": "BUY", "hash": "33e379ced89b3d0142d15728bc0aefc674fe65c5", "best_bid": "0.06", "best_ask": "0.07"}, {"asset_id": "92117937101612979995545967061706012469465044784784255337936477146012148388257", "price": "0.96", "size": "1232.87", "side": "SELL", "hash": "1bbfc4a9eba9d037f6f351a9eec2bbe18aa0d3be", "best_bid": "0.93", "best_ask": "0.94"}], "timestamp": "1769384021145", "event_type": "price_change"}}
{"_local_timestamp": "2026-01-25T23:34:19.936335+00:00", "data": {"market": "0x387abd33ec2706bf5e2d5089556962f899c76f2e53e72de416ee097f5e0cde5f", "price_changes": [{"asset_id": "92117937101612979995545967061706012469465044784784255337936477146012148388257", "price": "0.24", "size": "100", "side": "BUY", "hash": "6376d20a0817537488ded4056ef7d1469aa24d62", "best_bid": "0.93", "best_ask": "0.94"}, {"asset_id": "87834167452414513395250782274912164961953327877923232604083507081218756225485", "price": "0.76", "size": "100", "side": "SELL", "hash": "128292b68846bda0a7642c87d78adf29205426f3", "best_bid": "0.06", "best_ask": "0.07"}], "timestamp": "1769384059755", "event_type": "price_change"}}
{"_local_timestamp": "2026-01-25T23:34:44.303414+00:00", "data": {"market": "0x387abd33ec2706bf5e2d5089556962f899c76f2e53e72de416ee097f5e0cde5f", "price_changes": [{"asset_id": "87834167452414513395250782274912164961953327877923232604083507081218756225485", "price": "0.02", "size": "5250", "side": "BUY", "hash": "349357533423f92d5a83cc4ac6190d0f381a18b4", "best_bid": "0.06", "best_ask": "0.07"}, {"asset_id": "92117937101612979995545967061706012469465044784784255337936477146012148388257", "price": "0.98", "size": "5250", "side": "SELL", "hash": "6f50cd64da42c4aeb1b2e11fa3b3bc919b7bcf04", "best_bid": "0.93", "best_ask": "0.94"}], "timestamp": "1769384084227", "event_type": "price_change"}}
{"_local_timestamp": "2026-01-25T23:34:44.304183+00:00", "data": {"market": "0x387abd33ec2706bf5e2d5089556962f899c76f2e53e72de416ee097f5e0cde5f", "price_changes": [{"asset_id": "87834167452414513395250782274912164961953327877923232604083507081218756225485", "price": "0.03", "size": "1728", "side": "BUY", "hash": "349357533423f92d5a83cc4ac6190d0f381a18b4", "best_bid": "0.06", "best_ask": "0.07"}, {"asset_id": "92117937101612979995545967061706012469465044784784255337936477146012148388257", "price": "0.97", "size": "1728", "side": "SELL", "hash": "6f50cd64da42c4aeb1b2e11fa3b3bc919b7bcf04", "best_bid": "0.93", "best_ask": "0.94"}], "timestamp": "1769384084227", "event_type": "price_change"}}
{"_local_timestamp": "2026-01-25T23:34:44.304491+00:00", "data": {"market": "0x387abd33ec2706bf5e2d5089556962f899c76f2e53e72de416ee097f5e0cde5f", "price_changes": [{"asset_id": "87834167452414513395250782274912164961953327877923232604083507081218756225485", "price": "0.04", "size": "1224.95", "side": "BUY", "hash": "349357533423f92d5a83cc4ac6190d0f381a18b4", "best_bid": "0.06", "best_ask": "0.07"}, {"asset_id": "92117937101612979995545967061706012469465044784784255337936477146012148388257", "price": "0.96", "size": "1224.95", "side": "SELL", "hash": "6f50cd64da42c4aeb1b2e11fa3b3bc919b7bcf04", "best_bid": "0.93", "best_ask": "0.94"}], "timestamp": "1769384084227", "event_type": "price_change"}}
{"_local_timestamp": "2026-01-25T23:34:46.438812+00:00", "data": {"market": "0x387abd33ec2706bf5e2d5089556962f899c76f2e53e72de416ee097f5e0cde5f", "price_changes": [{"asset_id": "87834167452414513395250782274912164961953327877923232604083507081218756225485", "price": "0.03", "size": "1739.1", "side": "BUY", "hash": "398ad35d7de9163382a1a4dc917d66f216fb3e2c", "best_bid": "0.06", "best_ask": "0.07"}, {"asset_id": "92117937101612979995545967061706012469465044784784255337936477146012148388257", "price": "0.97", "size": "1739.1", "side": "SELL", "hash": "c2237200dd13ead1cda47f790e787cd3751ae29d", "best_bid": "0.93", "best_ask": "0.94"}], "timestamp": "1769384086370", "event_type": "price_change"}}
{"_local_timestamp": "2026-01-25T23:34:46.439207+00:00", "data": {"market": "0x387abd33ec2706bf5e2d5089556962f899c76f2e53e72de416ee097f5e0cde5f", "price_changes": [{"asset_id": "87834167452414513395250782274912164961953327877923232604083507081218756225485", "price": "0.02", "size": "5267.5", "side": "BUY", "hash": "6f411f9a4fda9406bbc18e719a8fbeb06647da78", "best_bid": "0.06", "best_ask": "0.07"}, {"asset_id": "92117937101612979995545967061706012469465044784784255337936477146012148388257", "price": "0.98", "size": "5267.5", "side": "SELL", "hash": "92a16dd115e5b473136e830c51b4fb5c74de9ba4", "best_bid": "0.93", "best_ask": "0.94"}], "timestamp": "1769384086371", "event_type": "price_change"}}
{"_local_timestamp": "2026-01-25T23:34:46.439485+00:00", "data": {"market": "0x387abd33ec2706bf5e2d5089556962f899c76f2e53e72de416ee097f5e0cde5f", "price_changes": [{"asset_id": "87834167452414513395250782274912164961953327877923232604083507081218756225485", "price": "0.04", "size": "1232.87", "side": "BUY", "hash": "8a26a5b6d865b5be52c7145e195bde231db081e8", "best_bid": "0.06", "best_ask": "0.07"}, {"asset_id": "92117937101612979995545967061706012469465044784784255337936477146012148388257", "price": "0.96", "size": "1232.87", "side": "SELL", "hash": "5ad17853ba4c0b5b3c521eddad5c4c76c20db36c", "best_bid": "0.93", "best_ask": "0.94"}], "timestamp": "1769384086372", "event_type": "price_change"}}
{"_local_timestamp": "2026-01-25T23:34:55.379118+00:00", "data": {"market": "0x387abd33ec2706bf5e2d5089556962f899c76f2e53e72de416ee097f5e0cde5f", "price_changes": [{"asset_id": "92117937101612979995545967061706012469465044784784255337936477146012148388257", "price": "0.26", "size": "1614", "side": "BUY", "hash": "4547d32aeba884fe0bc353e744b9765c3ae564e5", "best_bid": "0.93", "best_ask": "0.94"}, {"asset_id": "87834167452414513395250782274912164961953327877923232604083507081218756225485", "price": "0.74", "size": "1614", "side": "SELL", "hash": "ee657e4e88dde8b4d9774cf317cb1e37aa83b8a9", "best_bid": "0.06", "best_ask": "0.07"}], "timestamp": "1769384095269", "event_type": "price_change"}}
